2180 3518
357 305 749 358 CARMINUMLIB.111.
875 304 907 366 9³

258 398 338 446 Ptavi
347 407 408 444 sunt
417 397 547 454 elementu3
556 406 581 442 et
590 407 678 443 tenerae
687 396 761 442 nimis

406 467 501 513 Mentcs
510 466 673 528 asperioribus
756 457 759 464 ’

259 535 410 584 Formundae
418 529 513 582 studiis.
522 536 605 582 Nescit
615 551 681 599 equo
690 533 760 582 rudis

199 603 204 610 ’
404 603 501 651 Haerere
511 605 632 668 ingenuus
642 621 717 668 puer,

262 671 405 740 Venerique
415 675 497 732 timet;
507 674 593 722 ludere
602 675 712 734 doctior,
737 697 739 704 ·

405 747 453 792 Seu
463 745 548 791 Graeco
557 743 642 804 jubeas
652 745 753 803 trocho,

264 817 316 864 Seu
324 815 392 862 malis
401 813 476 862 vetite
485 813 581 877 legibus
591 813 654 860 aleh:

407 884 495 944 Quum
504 882 605 946 perjura
614 883 690 946 patris
700 880 760 929 fides

268 953 413 1000 Consortem
424 951 521 1000 socium
531 953 597 1000 fallat
607 951 631 998 'et
640 952 777 1015 hospitem,

405 1021 564 1086 Indignoque
573 1021 703 1084 pecuniam

267 1091 364 1139 Haereth'
371 1103 496 1155 properet.
507 1091 604 1139 Scilicet
613 1089 732 1153 improhae
792 1143 793 1146 Ἴ

273 1171 278 1180 ”
407 1163 528 1210 Crescunt
536 1160 731 1207 divitieeztemen

268 1230 351 1278 Curtae
358 1233 442 1279 nescio
452 1231 514 1296 quid
523 1225 619 1294 semper
627 1227 695 1278 shes't
703 1229 745 1277 rei.

368 1619 372 1626 ·
421 1573 529 1646 ODE
563 1574 687 1650 XXV.

414 1725 467 1772 ΑΙ)
489 1727 696 1774 BACCHUM.

412 1827 455 1938 Q
464 1865 501 1913 υὸ
511 1881 563 1924 me,
572 1865 680 1923 Bacche,
689 1837 753 1928 rapis
762 1860 810 1911 tui*
909 1904 911 1912 .

274 1933 396 1982 Plenum?
410 1933 472 1994 Quae
481 1951 596 1994 nemora,
604 1950 667 1998 quos
675 1949 732 1998 agor
739 1935 872 2018 inspectu,

412 2005 492 2051 Velox
501 2016 583 2052 mente
591 2003 675 2052 nova?
685 2003 816 2067 Quibus

272 2071 357 2120 Antris
368 2075 457 2136 egregit
449 2074 564 2122 Caesaris
573 2075 658 2122 audiar

411 2145 547 2190 Aeternum
557 2145 676 2193 meditans
685 2146 759 2194 decus
819 2181 821 2185 -

273 2211 370 2258 stellis
362 2227 467 2258 moerere
477 2224 501 2260 et
511 2216 613 2262 consihc
623 2219 639 2262 J
640 2217 708 2263 oms?

411 2282 514 2328 Dicam'
507 2284 613 2348 migne,
622 2301 721 2343 reeens,
730 2283 811 2338 adhuc

274 2349 398 2409 Iudictum
408 2366 451 2408 ore
460 2352 515 2400 alio.
525 2354 584 2417 Nou
595 2371 663 2402 secus
672 2356 700 2401 iu
709 2354 774 2416 jugis

412 2421 542 2470 Exsomnis
553 2434 637 2486 stupet
645 2424 731 2481 Euius,

274 2487 385 2535 Hebrum
394 2492 558 2554 prospiciens,
568 2503 593 2538 et
602 2494 659 2538 nive
668 2490 796 2538 canffidm

414 2560 538 2621 Thracen,
547 2578 574 2608 ac
584 2561 646 2624 pede
655 2560 758 2608 barbaro

274 2627 412 2675 Lustratum
422 2631 571 2694 Rhodopen.
581 2633 616 2678 Ut
625 2631 687 2677 mihi
697 2630 769 2679 devio

414 2698 489 2762 Ripae
499 2711 524 2746 et
535 2715 640 2746 vacuum
650 2717 737 2749 nemus

273 2765 359 2815 Mirari
367 2765 442 2815 libet!
451 2770 475 2815 0
484 2769 604 2831 Na‘iedum
613 2782 714 2834 potens,

411 2838 612 2904 Baccharumque
621 2842 756 2890 valentium
