2180 3518
352 307 731 365 simulantium.
814 303 822 326 ⁸
851 307 899 367 tul

170 400 225 450 nie
236 399 284 449 tibi
293 401 371 450 comis
381 413 406 449 et
415 400 525 448 urbanus
534 399 646 466 liberque
655 399 756 449 videtur

172 471 276 521 Infesto
285 475 371 538 nigris.
383 475 449 538 Ego,
459 474 480 520 si
488 473 532 520 risi
541 473 610 537 quod
618 473 720 537 ineptus

174 543 296 592 Pastillos
305 543 414 592 Rufillus
423 543 486 604 olet,
496 545 638 607 Gorgonius
647 544 760 604 hircum,

174 614 286 662 Lividus
296 627 321 663 et
329 615 434 663 mordax
442 615 529 662 videor
538 613 592 662 tihi.
605 616 704 663 Montio
714 615 735 662 si
744 629 794 679 qua

165 686 220 732 ,De
229 686 364 749 Capitolini
373 686 447 734 furtis
455 685 546 748 injecta
554 685 634 733 Petilli

179 757 218 802 Te
227 772 312 803 eoram
321 755 410 818 fuerit,
420 756 548 816 delendas,
558 767 588 804 ut
597 767 657 804 tuus
667 768 704 804 est
713 773 779 806 mor:
788 783 824 796 -

179 827 224 874 Me
235 828 390 891 Capitolinus
399 828 543 876 convictore
552 843 613 875 usus
623 828 752 892 amicoque
784 865 786 868 -

181 896 207 944 A
215 913 297 960 puero
307 909 356 958 est,
365 897 487 961 cautique
497 896 551 946 mesi
559 897 683 961 permulta
692 910 792 960 rogatus

180 967 264 1025 Fecit3
275 978 300 1014 et
308 969 443 1016 incolumis
452 969 522 1016 laetor
531 968 601 1032 quod
610 969 674 1016 vivit
682 968 710 1014 in
720 967 795 1016 urbe:

182 1037 233 1086 Sed
242 1048 326 1086 tamen
336 1038 446 1086 admiror
454 1055 507 1102 quo
516 1049 590 1102 pacto
598 1038 721 1100 judicium
731 1039 793 1086 illud

181 1109 293 1171 Pugerit.
306 1137 339 1144 -
348 1110 394 1156 llic
403 1110 480 1172 nigrae
490 1124 580 1156 succus
588 1109 710 1172 loliginis3
720 1109 774 1160 haec
782 1119 820 1156 est

182 1177 363 1244 Aerugomera
369 1179 456 1243 ;-quod
466 1180 557 1226 vitium
567 1180 656 1243 procul
665 1178 750 1228 abfore
759 1179 863 1240 chartis,

183 1249 268 1313 Atque
278 1251 362 1298 animo
371 1248 456 1314 prius,
465 1261 494 1296 nt
500 1250 538 1309 ,'si
548 1250 610 1313 quid
619 1251 766 1314 promittere
776 1251 806 1298 de
816 1267 856 1298 me

184 1321 291 1368 Possum
300 1319 381 1380 alind,
391 1321 448 1368 vere
457 1321 587 1384 promitto.
601 1321 714 1370 Liberius
723 1323 745 1369 si

184 1389 279 1438 Dixero
290 1389 365 1455 quid,
374 1392 395 1438 si
404 1391 469 1438 forte
477 1389 599 1452 iocosius,
608 1392 658 1442 hoc
667 1393 731 1440 mihi
738 1392 802 1456 juris

184 1461 250 1510 Cum
257 1459 332 1508 reniti
342 1461 411 1508 dabis
418 1478 425 1508 ε
433 1462 543 1508 insuevit
551 1473 621 1526 pater
630 1464 742 1532 optimus
751 1465 803 1512 boc
809 1479 863 1519 me,

184 1532 219 1578 Ut
228 1531 355 1594 fugerem,
367 1532 487 1596 exemplis
496 1533 617 1580 vitiorum
627 1549 732 1598 quaque
740 1533 861 1582 notando.

185 1601 275 1662 Quum
284 1617 325 1648 me
334 1602 491 1662 hortaretur,
500 1603 585 1666 parce,
595 1603 737 1668 frugaliter,
746 1615 822 1666 atque

185 1673 303 1719 viverem
314 1673 352 1718 uti
361 1682 494 1720 contentus
504 1689 534 1720 eo
544 1673 614 1736 quod
623 1674 658 1719 ml
666 1675 720 1736 ipse
729 1672 849 1735 partem:

185 1743 279 1791 Nonne
288 1741 371 1803 vides,
380 1741 439 1790 Albi
448 1753 478 1790 ut
488 1743 550 1790 male
560 1744 627 1789 vivat
636 1741 718 1788 lilius?
727 1753 807 1804 utque

185 1814 279 1860 Barrus
283 1813 371 1876 inops,
381 1828 499 1877 magnum
505 1813 686 1860 documentum
692 1843 700 1870 ,
706 1811 848 1874 uepatriam
852 1825 905 1860 rent

185 1882 293 1931 Perdere
302 1883 359 1945 quis
368 1883 437 1930 velit.
451 1883 475 1930 A
484 1884 555 1946 turpi
564 1881 700 1928 meretricis
709 1896 793 1929 amore

187 1954 278 2015 Quum
290 1953 437 2012 deterreret,
446 1954 543 2000 Sectani
554 1952 679 2000 dissimilis
690 1952 729 2000 sis.

186 2025 225 2072 Ne
234 2039 351 2085 sequerer
361 2023 481 2082 moechas,
491 2021 606 2070 concessi
616 2040 696 2086 quum
705 2024 802 2070 Venere
812 2023 852 2071 uti

187 2095 302 2152 Possem,
312 2094 435 2156 Deprensi
443 2109 496 2140 non
504 2093 568 2141 bella
577 2105 614 2140 est
624 2094 687 2142 fama
697 2093 820 2155 Treboni,

187 2162 289 2210 Aiebat.
304 2164 419 2226 Sapiens,
428 2163 508 2210 vitatu
518 2163 629 2228 quidque
638 2166 720 2228 petitu

188 2233 226 2281 Sit
236 2232 339 2293 melius,
349 2248 432 2280 causas
442 2232 528 2280 reddet
537 2234 595 2281 tibi:
605 2235 640 2282 mi
649 2236 706 2282 satis
715 2245 765 2294 est,
777 2237 799 2280 ei

188 2303 321 2350 Traditum
330 2303 361 2349 ab
371 2303 480 2367 antiquis
491 2321 587 2352 morem
597 2321 707 2364 servare,
716 2315 849 2368 tuamque,

188 2373 258 2420 Dum
267 2368 457 2437 custodiseges,
465 2374 542 2421 vitam
553 2375 692 2436 famamque
701 2374 769 2421 tueri

190 2442 344 2490 Incolumem
356 2459 472 2507 possum:
483 2445 594 2491 simulac
606 2443 799 2496 duraveritaetas

173 2543 176 2548 -
189 2511 303 2559 Membra
310 2513 472 2576 animumque
479 2511 644 2572 tuum,nabis
651 2513 704 2558 sine
711 2510 810 2557 cortice.
822 2510 908 2559 siem·

188 2581 320 2630 Formabat
329 2599 437 2646 puerum
448 2583 532 2630 dictis:
542 2593 567 2629 et
576 2582 627 2629 sive
636 2580 739 2643 jubebat

190 2654 223 2700 Ut
233 2653 340 2700 facerem
351 2652 426 2716 quid,
435 2653 516 2700 Habes
525 2663 652 2700 auctorem
663 2667 715 2714 quo
724 2651 796 2700 iacias
806 2653 867 2712 hoc;
949 2677 953 2686 »

188 2723 276 2770 Unum
286 2739 318 2770 ex
327 2723 455 2784 judicibus
464 2723 557 2770 selectis
567 2722 712 2786 objiciebat:

187 2792 243 2839 Sive
253 2792 366 2852 vetabat,
374 2795 416 2840 An
424 2793 473 2840 hoc
482 2792 645 2840 inhonestum
654 2805 680 2840 et
688 2793 776 2843 inutile
786 2793 894 2854 lactum,

181 2861 272 2912 -Necne
281 2863 326 2923 sit,
336 2862 480 2923 addubites,
488 2861 574 2928 flagret
583 2879 684 2911 rumore
694 2863 758 2912 malo
769 2879 848 2928 quum
