2176 3540
340 316 591 370 SsTlnARUM
607 321 680 368 LIB.
699 323 736 369 11.
851 325 898 385 ¹93

173 409 325 474 Pauperiem
334 409 439 468 vitium,
449 419 473 457 et
482 409 547 456 cavit
556 408 621 456 nihil
629 406 723 469 aerids3
734 418 776 469 ut,
785 410 807 458 si

174 481 252 529 Forte
262 478 346 530 minias
355 477 467 544 locuples
478 496 530 528 uno
540 479 676 543 quadrante
685 479 803 544 perisset,
881 513 885 520 ·

175 555 235 615 lpse
244 551 373 600 videretur
380 543 429 598 aiii
438 551 556 614 nequior:
567 552 648 598 omnis
657 552 725 599 enirn
734 566 786 612 res,
835 553 837 558 '

176 624 282 682 Virtus,
291 621 367 682 fama,
377 621 466 682 decus,
475 621 558 670 divina
566 622 740 685 humanaque,
748 622 860 688 pulchris

180 693 283 742 Divitiis
290 704 379 758 parent
385 693 519 756 tquaaqui
529 695 693 753 contraxerit,
702 695 744 742 ille

180 765 270 814 Clarus
275 765 330 825 erit,
335 763 416 824 fortis,
420 763 902 827 justus-Sapiensnei'thiametrex,

180 836 213 882 Et
223 833 349 900 quidquid
356 836 432 883 volet.
446 836 514 894 Hoc,
522 834 602 882 veluti
611 834 705 882 vutnte
714 846 840 900 puttam,

181 907 296 971 speravit
305 921 399 970 magna
408 905 477 954 laudi
487 905 548 954 fore.
564 904 635 966 Quid
642 905 723 952 simile
732 906 773 954 isti

181 978 284 1024 Graecus
293 977 450 1041 Aristippus,
459 977 505 1040 qui
513 992 598 1024 servos
606 975 729 1040 projicere
738 991 828 1026 aurum

182 1049 214 1096 In
224 1047 304 1096 medii
312 1047 386 1110 jussit
394 1046 484 1112 Libya,
494 1048 552 1110 quia
562 1044 656 1094 tardius
664 1047 730 1094 irent

181 1121 290 1183 Propter
299 1135 365 1168 onus
374 1119 475 1183 segnes?
484 1129 541 1166 nter
550 1127 588 1166 est
596 1118 707 1166 insanior
714 1117 825 1166 horum?
833 1145 869 1154 -

181 1189 227 1237 Nil
236 1190 287 1254 agit
297 1189 440 1253 exemplum
449 1189 519 1238 litem
529 1188 600 1252 qnod
608 1189 651 1236 lite
661 1189 772 1239 resolvit
781 1215 817 1228 -

185 1261 213 1310 Si
224 1261 280 1324 qnia
290 1271 356 1309 emat
364 1261 482 1320 citharas,
492 1270 588 1324 emptu
597 1269 741 1324 comportet
748 1261 776 1308 in
785 1276 880 1322 unum,

184 1332 239 1381 Nec
248 1331 333 1381 studio
342 1331 455 1392 citharae,
464 1347 510 1379 nec
520 1332 599 1379 Musae
608 1330 707 1379 deditus
716 1331 762 1380 ulli
767 1347 775 1391 ;

185 1403 213 1452 Si
222 1402 316 1467 scalpra
324 1414 350 1451 et
359 1401 463 1462 formas,
472 1419 525 1452 nou
535 1413 617 1462 sutor3
627 1403 727 1451 nautica
736 1404 802 1464 vela,

186 1474 299 1524 Aversus
307 1474 453 1522 mercaturis
458 1491 471 1532 ς.
476 1473 567 1522 delirus
577 1485 602 1522 et
610 1490 695 1523 amens

186 1544 307 1610 Undique
316 1544 412 1592 dicatur
421 1545 518 1592 meritd.
533 1544 585 1606 Qui
595 1545 717 1610 discrepat
724 1545 793 1606 istis,

92 1665 97 1674 s
187 1616 243 1677 Qui
250 1631 369 1664 nummos
378 1631 518 1680 aurumque
529 1616 654 1676 recondit,
663 1616 761 1664 nescius
770 1616 810 1663 uti

188 1687 355 1750 Compositis,
365 1691 529 1750 metuensque
537 1687 608 1735 velut
616 1687 764 1748 contingere
769 1687 882 1733 uuum?

188 1757 215 1807 Si
225 1759 282 1822 quis
290 1757 321 1804 ad
331 1759 460 1822 ingentem
467 1757 589 1805 frumenti
597 1771 695 1820 semper
703 1771 820 1803 acervum

186 1829 322 1877 Porrectus
331 1827 417 1892 vigilet
425 1844 483 1876 cum
492 1829 570 1892 longo
580 1826 659 1884 fuste3
668 1843 749 1890 neque
758 1827 827 1874 illinc

188 1899 290 1948 Audeat
299 1899 537 1948 esuriens-dominns
546 1898 691 1976 contingere
700 1913 820 1961 panum,

189 1971 228 2018 Ac
237 1969 324 2034 potiris
333 1969 401 2019 foliis
408 1986 498 2035 parcns
508 1980 621 2018 amatur
630 1969 730 2028 amaris3

177 2062 181 2068 ·
190 2042 230 2100 si,
240 2041 328 2104 positia
337 2041 407 2089 intua
415 2041 477 2090 Chii*
482 2041 622 2104 veterisque
630 2039 727 2088 Falerni

191 2111 263 2160 Mille
272 2111 362 2160 cedis...
371 2112 436 2159 nihil
444 2123 507 2160 est...
517 2110 851 2172 canentum.mfl1ibur‚aere

190 2185 265 2232 Petet
273 2193 371 2232 acetum
378 2199 386 2242 ς
393 2184 517 2246 agnem
524 2185 667 2232 strumentis
675 2182 792 2244 incubet,
799 2183 880 2232 unde·

191 2255 318 2318 octoginta
327 2270 407 2302 annos
415 2265 503 2314 natus,
512 2255 553 2301 cui
562 2255 669 2318 stragula
678 2256 766 2313 vestie,

192 2325 330 2374 Blattarum
340 2339 367 2372 ac
377 2325 499 2372 mearum
509 2325 601 2388 epuh,
610 2336 737 2388 putrescat
745 2325 773 2372 in
781 2323 848 2372 arci:

192 2395 321 2444 Nimirum
329 2397 432 2444 ineam
440 2397 526 2460 prucis
535 2397 662 2455 videatur,
671 2397 701 2442 ed
710 2393 782 2457 qndd

193 2467 303 2515 Maxima
312 2483 369 2532 pars
377 2467 511 2515 hominum
522 2466 610 2515 morbo
619 2465 725 2526 jactatur
734 2463 830 2511 eodem.
921 2470 922 2475 ’

195 2536 272 2586 Filius
278 2541 326 2587 aut
333 2538 409 2588 etism
418 2538 470 2586 huc
478 2537 622 2586 libertusnt
632 2535 715 2582 ebibat
723 2535 814 2595 haeres,

196 2606 241 2656 Dis
249 2609 349 2658 inimice
359 2625 433 2658 senex
442 2607 568 2658 custodis?
577 2624 608 2655 ne
619 2606 665 2654 tibi
674 2605 753 2653 desit?

197 2679 357 2741 Quantulum
368 2681 436 2727 enim
443 2696 546 2728 summu
555 2678 663 2727 curtabit
673 2678 779 2744 quisque
789 2678 900 2738 diamur,

196 2752 297 2816 lingere
305 2751 328 2798 si
335 2751 415 2799 caniet
424 2751 480 2800 oleo
490 2751 604 2812 meliore,
613 2750 739 2816 caputque

198 2822 308 2887 Coeperis
316 2821 416 2886 impexi
425 2821 519 2871 foedum
528 2822 670 2886 porrigine?
683 2823 782 2883 Quare,

197 2893 224 2944 si
232 2893 336 2960 quidvis
343 2893 402 2942 satia
411 2904 462 2955 est,
469 2890 595 2959 perjuras,
605 2893 723 2958 surripis,
730 2893 813 2941 aufers

782 2977 812 3020 17
