2180 3518
180 345 244 404 9⁶·

341 330 733 400 9.n0uAr11rnAcu1

264 427 330 475 Filiae
337 439 445 484 nomeu,
454 422 597 485 pictaeque,
606 417 682 478 dixit,

455 491 527 539 Victa
537 489 635 541 furore!

266 636 337 686 Unde
342 619 414 698 dqud
424 631 497 680 veni?
507 629 579 676 Levia
589 642 638 674 una
647 634 760 673 moreest

264 706 397 770 Virginem
406 702 494 765 culpae.
507 699 653 762 Vigilananc
662 697 735 760 ploro

265 779 349 839 Turpe
359 770 535 830 commiscum?
544 785 576 816 an
585 766 652 814 vitiis
661 775 784 814 carentem
805 787 807 794 v

458 840 536 890 Ludit
545 840 627 900 imago

188 1001 197 1016 s
267 991 349 1046 Vana,
358 1001 413 1049 quae
423 980 495 1048 porti
505 980 601 1043 fugiens
610 974 703 1024 eburnei

269 1058 400 1108 Somnium
410 1053 493 1100 ducit?
503 1047 625 1098 Melidsne
634 1045 726 1092 fluctus

269 1131 307 1176 Ire
316 1144 361 1190 per
370 1127 459 1190 longor
468 1121 531 1180 tuit,
540 1135 573 1166 an
582 1127 691 1164 recentes

462 1187 666 1252 Carpereflorca?
725 1213 727 1218 ·
806 1207 807 1212 =

274 1341 300 1388 Si
310 1338 365 1399 quia
376 1334 493 1382 infamem
502 1328 565 1377 mihi
573 1343 642 1375 nunc
651 1326 786 1387 juvencum

272 1407 352 1457 nedae
359 1407 437 1452 iratae!
446 1402 552 1448 lacerare
562 1399 641 1456 ferro,
650 1406 675 1442 et

273 1483 392 1540 Frangere
403 1473 481 1521 enitar
490 1468 567 1516 ruodo
576 1465 685 1515 multum
694 1463 766 1515 aurati

467 1542 567 1592 Cornua
576 1535 690 1584 monstri.

274 1685 409 1752 Impudcns
416 1684 481 1746 liqui
490 1682 583 1745 patrios
592 1683 705 1727 Penates:

274 1756 411 1822 Impudeus
420 1758 515 1802 Orcum
523 1753 619 1798 moror!
634 1750 657 1794 Ο
667 1751 777 1794 Deorum

277 1831 303 1878 Si
313 1828 368 1892 quie
377 1828 429 1874 haec
438 1821 627 1882 audis,·utinam
635 1813 700 1864 inter
709 1827 787 1866 errcur

469 1893 543 1944 Nuda
552 1891 647 1937 leones!

277 2043 419 2100 Antequam
429 2034 510 2095 turpis
519 2031 606 2077 macies
616 2027 728 2074 decentes

278 2112 391 2170 Occupet
401 2105 488 2160 malas,
498 2111 638 2158 teneraeque
648 2107 735 2140 succus

278 2177 378 2226 Defluat
387 2173 488 2236 praedae,
498 2168 606 2232 speciosa
615 2178 699 2230 quaero

471 2243 571 2286 Parcere
580 2237 662 2300 tigres.

280 2389 343 2436 Vilis
351 2388 463 2447 Europe,
474 2391 543 2445 pater
552 2387 623 2441 urget
632 2375 730 2422 absens:

283 2458 353 2522 Quid
362 2455 425 2504 mori
434 2452 527 2501 cessar?
540 2452 613 2496 Potes
622 2445 668 2492 hic
677 2443 708 2490 ab
719 2455 782 2488 orno
796 2505 798 2508 .

283 2529 424 2580 Pendulum
433 2521 494 2572 zoni
502 2521 565 2568 bene
574 2529 598 2565 te
608 2512 711 2578 sequuti

475 2592 573 2640 Laedcre
582 2587 682 2659 coldum.

273 2741 341 2798 ‚Sive
351 2749 375 2785 te
385 2753 458 2800 rupes
467 2745 492 2782 et
501 2742 571 2780 acuta
580 2730 632 2777 leto

286 2813 348 2858 Saxa
358 2807 492 2862 delectant,
500 2817 556 2864 age,
566 2811 589 2846 tc
598 2795 712 2862 proceliae

253 2874 255 2880 ¹
286 2878 362 2931 Crede
370 2875 461 2922 veloci:
471 2872 519 2919 nisi
528 2869 605 2916 herile
615 2865 692 2914 mavis

401 2996 408 3006 ¹
480 2943 583 3004 carpere
593 2949 712 3002 pensum,
