2176 3540
191 328 242 380 ψ
352 314 386 378 Q.
403 307 580 362 uoasru
599 307 748 360 aaroni

190 402 292 468 Colligit
300 417 328 452 ac
336 404 409 470 ponit
417 401 522 461 temere,
530 409 557 450 et
566 407 679 448 mutatur
686 399 715 446 in
722 395 806 448 horsa.

189 473 322 522 imberbus
329 473 442 536 juvenis,
451 471 552 520 tandem
562 470 667 520 custode
676 481 788 530 remoto,

189 543 289 592 Gaudet
297 545 368 608 equis
376 543 531 607 canibusque
540 553 565 590 et
574 542 652 607 aprici
660 541 770 605 gramine
780 539 878 604 campi;

189 613 281 662 Cereus
290 615 317 662 in
325 615 418 663 vitium
428 612 509 674 flecti,
518 612 688 662 monitoribus
696 627 782 674 asper,
832 657 835 660 .

189 685 296 734 Utilium
305 684 391 733 tardus
401 685 532 748 provisor,
540 682 662 748 prodigus
671 683 739 741 aeris,

189 753 322 815 Sublimis,
330 755 490 820 cupidusque
498 764 523 802 et
532 763 612 801 amata
620 752 760 816 relinquere
770 751 870 816 pernix.

189 824 322 873 Conversis
331 825 435 886 studiis,
443 835 502 872 etas
513 825 661 887 animmque
670 823 748 870 virilis

189 894 286 956 Quaerit
296 911 357 962 opes
366 895 532 954 ermioniae,
541 895 645 942 inservit
653 893 760 952 honori,

188 965 349 1016 Commisisse
357 977 428 1016 cavet
437 966 507 1030 quod
516 981 577 1014 mox
585 975 683 1012 mutare
691 963 795 1011 laboret.

188 1037 273 1085 Multa
282 1054 366 1088 anem
374 1037 574 1086 circumveniunt
584 1033 756 1092 iucommoda;
766 1035 807 1082 vel
817 1034 888 1098 quod

189 1106 301 1168 Quaerit,
310 1120 335 1157 et
343 1108 451 1156 inventis
461 1108 536 1158 miser
545 1105 651 1153 abstinet
662 1120 690 1152 ac
700 1104 771 1152 timet
781 1105 832 1164 u1i3

188 1178 238 1226 Vel
248 1179 318 1242 quod
327 1195 366 1228 res
376 1193 462 1227 omues
472 1177 559 1226 timide
568 1175 698 1241 gelideque
708 1175 846 1236 ministrat,

189 1247 302 1310 Dilator‚
312 1265 355 1314 spe
364 1250 469 1314 longus,
478 1249 559 1307 iners,
566 1246 707 1310 avidusque
715 1245 809 1306 futuri,

189 1317 319 1380 Difficilis,
328 1319 463 1384 querulus,
471 1318 586 1367 laudator
595 1317 715 1381 temporis
723 1317 773 1364 acti

188 1389 220 1435 Se
229 1405 323 1452 puero,
332 1405 420 1437 censor
429 1390 612 1453 castigatorque
621 1388 757 1436 uiinmum.

188 1458 270 1506 Multa
279 1458 364 1506 ferunt
372 1460 432 1506 anni
441 1459 570 1508 venientes
579 1457 712 1507 commoda
720 1473 819 1518 secum

187 1528 269 1575 Multa
279 1527 420 1577 recedentes
430 1528 554 1578 adimunt.
568 1531 607 1579 Ne
617 1529 681 1578 forte
690 1529 779 1578 seniles

187 1599 342 1648 mandentur
350 1599 438 1661 juveni
446 1611 542 1665 partes,
551 1615 682 1665 pueroque
691 1601 787 1662 viriles,

187 1671 291 1735 Semper
299 1671 327 1719 in
337 1670 460 1733 adjunctis
469 1687 573 1736 aevoque
582 1671 738 1720 morabimur
746 1672 818 1736 aptis.

188 1739 242 1788 Aut
251 1742 334 1806 agitur
342 1759 381 1790 res
390 1743 417 1790 in
426 1743 519 1804 scenis,
529 1753 574 1790 aut
582 1753 636 1790 acta
644 1742 764 1791 refertur:

187 1811 293 1875 Segnius
301 1813 402 1861 irritant
411 1814 508 1861 animoa
518 1813 622 1860 demissa
630 1830 677 1877 per
685 1829 784 1873 aurem,

187 1881 272 1942 Quim
283 1899 339 1946 qua·
348 1894 408 1931 suut
417 1885 496 1932 oculis
505 1883 616 1946 subjecta
627 1881 759 1944 fidelibus,
768 1894 794 1931 et
805 1897 862 1950 qna

186 1952 244 2014 Ipse
253 1952 300 2000 sibi
310 1954 385 2002 tradit
394 1965 527 2018 spectator.
538 1955 598 2003 Non
608 1964 693 2002 tamen
702 1955 772 2001 intus

186 2021 268 2084 Digna
279 2025 331 2087 geri
340 2039 439 2087 promes
449 2026 476 2072 in
486 2040 596 2083 scenam
609 2026 738 2087 multaque
747 2025 822 2072 ,tolles

185 2090 222 2136 Ex
232 2092 325 2153 oculis,
334 2109 390 2156 qua
399 2111 461 2142 mox
469 2105 552 2142 narret
562 2095 677 2142 facundia
686 2111 806 2159 praeseus:

185 2161 225 2210 Ne
233 2177 326 2224 pueros
334 2177 417 2208 coram
429 2165 528 2226 populo
538 2165 625 2212 Medea
635 2164 755 2224 trucidet;

185 2230 239 2278 Aut
248 2231 359 2279 humana
367 2230 449 2295 palim
458 2246 550 2297 coquat
559 2247 616 2284 exta
624 2235 734 2283 ucian'us
742 2236 849 2294 Atreum

186 2301 240 2350 Aut
248 2302 276 2349 iu
284 2318 355 2349 avem
364 2304 462 2367 Progne
470 2315 597 2366 vertatur,
606 2304 714 2354 Cadmus
723 2307 751 2353 iu
760 2321 875 2370 anguem.

186 2373 374 2439 Quodcumque
383 2374 493 2423 ostendis
502 2376 566 2434 mihi
575 2377 625 2436 sic,
633 2373 777 2424 incredulus
787 2376 839 2424 odi.
932 2403 935 2410 ·

184 2443 255 2493 Neve
265 2446 348 2493 minor
357 2461 407 2493 neu
416 2446 448 2492 sit
458 2446 548 2510 quinto
557 2447 706 2509 productior
715 2456 773 2494 actu

185 2515 277 2563 Fabula
286 2533 341 2579 quae
350 2517 420 2582 posci
429 2517 485 2565 vult
493 2527 519 2565 et
528 2527 636 2580 spectata
645 2517 747 2580 reponi:

186 2585 239 2633 Nec
247 2587 315 2633 Deua
325 2587 437 2648 intersit,
446 2587 494 2634 uisi
504 2587 594 2652 dignus
603 2587 703 2634 vindice
712 2585 795 2635 nodus

186 2653 315 2702 inciderit:
326 2669 372 2702 nec
381 2667 469 2718 quarta
478 2656 548 2721 loqui
557 2673 663 2719 persona
671 2657 775 2704 laboret.

185 2723 289 2774 Actoris*
294 2734 376 2785 partes
386 2726 479 2773 chorus
488 2725 652 2790 officiumque
661 2728 732 2775 virile

186 2791 322 2850 Defendet3
332 2807 383 2841 neu
392 2795 454 2856 quid
463 2797 557 2844 medios
567 2798 698 2846 intercinat
707 2807 790 2856 actua,

187 2861 266 2936 Quod
275 2878 328 2910 nou
336 2865 467 2927 proposito
476 2866 600 2918 conducat
609 2878 634 2915 et
642 2868 735 2918 haereat
743 2866 813 2938 apte:
