2176 3540
294 317 591 370 nursrouiltott
611 321 685 367 utu.
706 322 727 367 1.
816 324 865 384 239

153 402 233 451 Multi
243 405 311 452 mole
322 403 448 452 doeendus
456 405 539 468 aprioo
547 421 646 469 pureere
654 417 735 470 proto.

153 474 241 532 Nouo,
252 490 308 538 nge,
318 474 381 537 quid
390 485 503 522 nostrum
512 488 662 524 concentum
671 477 779 537 dividat,
788 478 854 526 audi.

154 544 238 604 Quem
247 555 335 592 tenues
346 544 449 600 decuere
460 555 522 608 togae
531 546 653 610 nitidique
660 548 755 610 capilli,

156 615 238 672 Quem
248 615 295 662 sois
303 615 442 661 immunem
452 614 544 662 Cinarae
553 616 672 678 placuisse
681 619 775 680 rapaci,

156 684 239 744 Quem
247 683 364 732 bibulum
373 685 462 746 liquidi
471 685 548 734 medii
558 685 588 732 de
597 684 652 733 luoe
662 687 769 747 Falerni,

156 753 230 800 Coeus
238 754 319 801 brevis
327 753 411 815 juvet,
420 765 444 800 et
451 770 529 817 prope
539 755 621 804 rivum
630 772 733 804 somnus
742 758 770 805 iu
779 759 866 808 herbd:

156 821 209 869 Nec
217 823 304 870 lusisse
312 823 404 887 pudet,
414 823 516 870 sednon
524 824 631 872 incidere
639 823 736 872 ludum.

156 891 181 939 N
182 908 216 939 ou
225 894 299 940 isthic
308 894 412 955 obliquo
422 894 497 945 oculo
505 909 557 940 meu
567 894 697 945 commoda
706 897 836 959 quisquam

155 963 247 1021 Liruut;
256 979 309 1010 uon
319 964 377 1010 odio
388 963 495 1013 obscuro
505 979 640 1026 morsuque
648 976 761 1012 venenat.

156 1031 249 1080 Rident
258 1034 334 1080 vicini
342 1034 423 1096 glebas
432 1045 457 1081 et
467 1049 523 1090 sm
533 1044 682 1082 moventem.

158 1103 221 1150 Cum
234 1104 310 1150 servis
319 1102 411 1150 urbano
421 1103 495 1150 diario
504 1103 591 1153 rodere
601 1105 689 1161 marin

157 1173 253 1219 Horum
265 1173 329 1220 tuin
338 1190 470 1221 numerum
483 1174 611 1222 votoruis.
624 1173 722 1220 Invidet
730 1190 805 1222 usum

157 1242 292 1305 Lignorum
301 1254 326 1288 et
334 1245 430 1306 peeoris
440 1243 486 1290 tibi
495 1243 548 1290 culo
556 1254 657 1307 argutus
667 1254 692 1290 et
699 1243 776 1291 horti.

158 1313 235 1373 Optat
244 1312 361 1376 ephippia
370 1313 416 1360 bos
425 1314 508 1376 piger3
517 1324 587 1376 optat
595 1328 662 1360 arare
669 1313 782 1362 caballus.

158 1381 241 1441 Quum
250 1383 296 1430 scit
304 1394 422 1446 uterque,
429 1383 521 1442 libens,
527 1383 646 1443 eeusebo,
656 1395 766 1432 exercent
774 1395 860 1433 artem.

315 1657 595 1723 EPISTULA
624 1659 711 1724 XV.

279 1802 332 1850 iu
350 1802 583 1852 nonomen
600 1800 750 1848 veniri.

161 1903 260 2011 Quin
270 1941 302 1987 sit
311 1941 389 1988 hiems
396 1939 485 2000 Veliae,
495 1940 564 2002 quod
572 1939 754 1998 ooelum‚Veln‚
764 1941 870 2000 Salerni,

159 2007 870 2073 Quorumhomiuumregio‚etquulisvie:(uammihiliaiae
932 2019 936 2028 '

158 2083 230 2141 Musa
239 2095 401 2143 supervacuas
410 2081 549 2140 Antonius,
557 2091 582 2138 et
593 2090 675 2128 tamen
682 2079 732 2128 illis

158 2153 201 2198 Me
210 2151 267 2198 fecit
275 2151 397 2210 invisum,
406 2150 484 2214 gelidi
494 2167 573 2213 quum
585 2151 687 2214 perluor
696 2150 763 2200 uudi

159 2220 205 2270 Per
214 2221 324 2268 medium
335 2220 425 2284 friguit
434 2221 491 2268 sane
501 2231 605 2284 myrteta
613 2222 734 2284 relinqui,

159 2292 279 2354 Dictaque
289 2302 422 2348 cessantem
433 2292 515 2338 nervis
524 2291 613 2340 elidere
625 2291 742 2340 morbum
751 2335 753 2344 ,
838 2327 840 2332 ,

160 2362 285 2425 sulphura
293 2362 420 2420 contemni
427 2393 435 2420 ,
442 2363 512 2410 vicus
521 2362 608 2424 gemit,
618 2360 719 2410 invidus
726 2355 804 2424 aegriil

160 2432 212 2492 Qui
221 2442 296 2494 eaput
305 2441 329 2488 et
338 2432 494 2481 stomachum
503 2446 644 2494 supponere
657 2429 770 2478 lontibus
779 2429 872 2478 nudent

160 2501 280 2561 Clusinis,
290 2501 430 2564 Gabiosque
439 2511 530 2565 petunt
538 2511 563 2548 et
572 2498 660 2561 frigida
669 2511 738 2544 rura:

160 2571 297 2630 Mutandus
305 2571 376 2618 loeus
384 2583 434 2631 ert,
442 2581 467 2618 et
478 2569 611 2618 diversoria
620 2577 680 2614 uota

159 2640 357 2704 Praeterageudus
366 2657 458 2704 equus:
469 2641 528 2701 Qud
538 2637 618 2684 tendis
625 2637 635 2682 Ρ
642 2652 695 2683 nou
702 2636 764 2683 mihi
774 2638 863 2688 Cumas

159 2711 200 2756 Est
208 2711 268 2770 iter,
276 2721 320 2757 aut
329 2712 411 2769 Baius,
420 2710 479 2757 laevt
489 2708 661 2757 stomachosus
669 2705 764 2753 habenti

157 2781 228 2827 Dicet
237 2797 323 2844 eques:
336 2781 378 2826 sed
387 2780 456 2844 equis
466 2779 566 2825 fraeuuto
577 2789 614 2825 est
623 2777 689 2824 auris
698 2777 725 2824 iu
735 2793 777 2824 ore
784 2777 806 2844 ι)

158 2851 238 2913 Major
248 2861 334 2897 utrum
344 2851 469 2914 populum
482 2848 601 2895 frumeuti
613 2848 684 2912 eopia
692 2857 787 2910 pascat5
