2180 3518
395 291 558 359 tropon
575 293 703 339 mann.
857 299 902 346 ψ

191 507 535 531 ΜΜὶβΜὶ
537 508 895 528 mmmmm&

422 647 529 715 ODE
562 645 672 715 XVI.

251 803 560 856 ‚euronotum
578 802 802 852 nouaauu.
859 758 861 766 Ι

224 905 367 992 Anum
375 943 425 1006 jam
435 944 523 992 teritur
531 941 603 991 bellis
611 941 726 990 civilibus
735 953 804 1002 atas,

259 1014 316 1062 Suis
325 1024 350 1060 et
357 1015 410 1078 ipse
420 1015 500 1062 Roma
508 1013 605 1060 viribus
615 1014 678 1060 ruit:
702 1035 703 1038 ¹

224 1085 307 1146 Quam
316 1100 397 1148 neque
407 1083 508 1132 finitimi
518 1085 652 1131 valuerunt
661 1082 762 1147 perdere
772 1078 878 1143 Marsis,

259 1154 365 1201 Minacis
374 1165 417 1202 aut
424 1155 526 1201 Etrusca
535 1156 648 1201 Porsenae
657 1169 759 1213 manus,
837 1159 839 1166 ’

224 1224 330 1271 Aemula
340 1241 385 1271 nec
393 1225 472 1271 virtus
483 1225 586 1288 Capnae,
597 1239 642 1272 uec
653 1226 783 1287 Spartacus
792 1237 859 1283 acer,

259 1293 389 1358 Novisque
398 1294 472 1342 rebus
481 1293 588 1343 infidelis
598 1294 722 1342 Allobrox
726 1327 742 1356 ‚3

224 1366 277 1413 Nec
287 1363 336 1411 fera
344 1365 450 1412 coerulei
459 1363 557 1414 domuit
566 1365 694 1412 Germania
704 1365 785 1428 pube,

260 1434 455 1498 Parentibusque
464 1433 620 1483 abominatus
628 1435 764 1496 Hannibal,

224 1505 305 1567 Impia
313 1502 445 1568 perdemus
455 1504 539 1552 devoti
547 1507 672 1570 sanguinis
681 1516 751 1565 aetas,

259 1575 376 1638 Fer-isque
384 1591 471 1622 rursus
481 1575 643 1640 occupabitur
651 1578 742 1625 solum.

224 1643 360 1704 Barbarus,
368 1645 431 1692 heu!
442 1646 535 1693 cineres
544 1647 641 1694 insistet
649 1647 743 1705 victor,
754 1655 779 1692 et
787 1641 875 1690 urbem

260 1715 341 1777 Eques
350 1726 453 1762 sonante
462 1715 600 1761 verberabit
608 1713 713 1776 unguii:

225 1785 340 1846 Quaeque
349 1795 432 1836 caram
440 1783 520 1830 ventis
529 1794 554 1829 et
563 1781 671 1840 solibus,
682 1798 737 1829 ossa
746 1781 861 1841 Quirini,
875 1795 877 1799 ·

260 1853 334 1901 Nefas
344 1853 438 1900 videre!
449 1851 577 1915 dissipabit
586 1845 703 1897 irradians.

224 1923 311 1982 Forte,
319 1923 379 1986 quid
386 1921 508 1986 expediat,
516 1920 691 1979 communiter,
697 1931 741 1968 aut
748 1919 835 1968 melior
841 1933 906 1982 pars,

262 1993 334 2040 Maiis
342 2008 424 2040 ¹carcre
435 1989 543 2055 quaeritis
551 1990 688 2040 laboribus.

225 2063 302 2112 Nulla
311 2064 343 2110 sit
352 2062 397 2109 hio
407 2063 491 2124 potior
499 2062 632 2109 sententia:
643 2061 806 2109 Phocaeorum

261 2134 338 2180 Velut
347 2131 459 2196 profugit
468 2143 589 2180 exsecrata
598 2131 696 2192 civitas,

226 2203 307 2267 Agros
317 2214 391 2265 atque
399 2205 471 2249 Lares
480 2203 608 2266 proprios,
616 2202 800 2264 habitandaque
810 2202 865 2248 fana

261 2273 336 2336 Ap'ris
345 2272 446 2336 reliquit
455 2283 480 2318 et
490 2272 618 2336 rapacibus
627 2273 707 2336 lupis3
812 2315 815 2320 1

226 2347 265 2391 Ire
268 2342 343 2406 pedes
348 2356 509 2406 quocumque
515 2343 603 2402 ferent,
609 2357 770 2406 quocumque
777 2355 821 2403 per
828 2337 907 2386 undas

261 2413 343 2462 Notus
352 2412 450 2460 vocabit
459 2422 502 2460 aut
511 2424 641 2477 protervus
651 2411 759 2458 Africus.

227 2483 267 2531 Sio
276 2483 370 2546 placet?
383 2499 415 2530 an
423 2481 512 2530 meiius
521 2484 578 2546 quis
586 2480 662 2530 habet
671 2479 788 2528 suadere?
800 2475 907 2526 secundi
983 2497 985 2500 ·

263 2554 351 2600 Rate'm
361 2569 481 2617 occupare
490 2553 552 2616 quid
560 2566 686 2600 moramur
695 2549 767 2598 alite?
800 2574 804 2581 ·

228 2622 276 2670 Sed
285 2621 396 2684 juremus
406 2624 432 2670 in
440 2623 506 2683 hacc,
515 2624 590 2671 simul
598 2622 654 2669 imis
663 2637 720 2674 saxa
729 2618 838 2668 uenirint

262 2693 338 2742 Vadis
347 2695 439 2753 levata,
450 2709 482 2740 ue
490 2693 570 2742 redire
579 2693 611 2740 sit
620 2690 700 2739 nefas:

227 2762 284 2810 Neu
293 2779 412 2812 conversa
421 2763 523 2811 domum
533 2765 616 2828 pigeat
625 2761 682 2809 dare
691 2762 780 2821 lintea,
789 2758 889 2824 qnando
