2176 3540
343 277 594 341 sirmssuu
611 245 742 330 mnu.
853 279 902 328 ns

180 365 241 414 Nou
250 379 309 412 sum
320 367 445 428 mechus,
454 369 497 416 ais.
506 371 595 434 Neque
602 385 661 434 ego,
669 369 786 432 hercule,
795 368 850 428 fur,
859 366 905 414 ubi

180 452 412 572 Praetereiaiipieus
422 520 544 573 argentes.
556 511 628 562 Tolle
637 511 775 576 periclum,

181 578 198 622 J
199 591 240 623 sm
249 593 310 640 vaga
319 579 433 642 prosiliet
442 581 526 630 fraenis
534 593 623 630 ustura
632 585 743 632 remotis.

182 647 257 694 Tune
268 649 330 696 mihi
341 649 472 712 domiuus,
481 667 566 701 rerum
576 655 687 718 imperiis
696 654 881 717 hominumque

182 719 235 766 Tot
244 719 370 783 tantisque
380 723 476 781 minor,
485 739 560 786 quem
569 735 606 771 ter
614 725 725 772 vindicta
734 735 870 787 quaterque

185 789 308 852 Imposita
316 790 386 838 haud
395 807 516 856 umquam
524 793 612 842 misera
623 793 756 842 formidine
765 795 865 858 privet?

185 858 258 908 Adde
269 877 357 925 super,
367 860 438 910 dictis
448 863 518 927 quod
526 881 580 912 non
588 864 668 912 levius
679 866 770 914 valeat:
778 880 837 919 nam

185 931 243 978 Sive
253 931 361 979 vicarius
370 943 421 993 est,
430 935 476 997 qui
485 950 556 982 servo
565 946 637 997 paret
648 935 686 982 nti
696 950 751 982 mos

184 1003 275 1050 Vester
284 1001 332 1062 sit,
340 1019 384 1050 sen
391 1019 542 1063 conservus3
553 1004 599 1052 tibi
606 1005 669 1067 quid
676 1021 732 1052 sum
739 1005 803 1067 ego?
812 1004 908 1068 Nempe

185 1073 238 1132 Tu,
248 1072 311 1120 mihi
320 1074 364 1136 qni
374 1073 514 1140 imperitas,
523 1075 576 1123 ah'is
584 1076 661 1122 servis
671 1076 755 1135 miser,
764 1086 838 1139 atque

185 1144 291 1192 Duoeris
301 1155 330 1191 ut
339 1145 422 1192 nervis
431 1145 517 1192 alienis
527 1145 620 1193 mobile
626 1145 732 1208 lignum.

186 1215 311 1276 Quisnam
320 1215 398 1278 igitur
406 1215 486 1264 liber?
499 1216 615 1278 Sapiens,
624 1215 672 1263 sibi
682 1218 726 1280 qui
734 1215 894 1280 imperiosus3

188 1287 273 1348 Quem
283 1301 364 1348 neque
373 1287 518 1350 pauperies,
527 1301 609 1349 neque
618 1303 699 1348 mors,
709 1303 791 1351 neque
800 1285 901 1334 vincula

277 1365 384 1415 terrent3

187 1428 344 1492 Responsum
354 1425 529 1491 cupidinibus,
536 1439 695 1478 contemnere
703 1430 813 1478 honores

187 1498 284 1558 Fortis,
293 1508 317 1545 et
326 1497 353 1544 in
363 1497 444 1561 seipso
458 1509 540 1558 totus,
549 1510 613 1548 teres
623 1512 698 1565 atque
705 1499 845 1562 rotundus,
872 1546 875 1552 .

188 1567 290 1617 Externi
299 1585 331 1616 ne
341 1568 403 1631 quid
411 1569 491 1618 valeat
499 1586 544 1634 per
552 1570 612 1619 laeve
622 1573 725 1631 morari3

189 1643 220 1688 In
229 1655 304 1702 quem
312 1655 398 1687 manea
407 1641 458 1688 ruit
467 1657 563 1705 semper
576 1641 687 1690 fortuna.
700 1644 807 1690 Potesne

189 1712 227 1760 Ex
236 1711 275 1758 bis
286 1720 315 1758 nt
324 1712 455 1774 proprium
465 1712 526 1775 quid
535 1713 654 1759 noscere?
669 1711 790 1773 Quinque
799 1709 891 1758 talenta

190 1782 308 1832 Poscitte
317 1778 420 1839 mulier,
429 1792 518 1843 vexat,
527 1781 675 1844 foribusque
685 1781 815 1844 repulsum

192 1851 325 1904 Periundit
333 1851 424 1916 gelida:
435 1869 522 1900 rursus
531 1863 613 1900 vocat.
626 1852 699 1914 Eripe
709 1851 778 1914 turpi

193 1925 262 1976 Colla
272 1922 347 1986 jugo:
362 1922 447 1985 Liber,
456 1923 519 1971 liber
530 1940 600 1984 sum,
610 1923 649 1970 dic
660 1938 709 1986 age.
723 1923 784 1970 Non
794 1917 865 1986 quis3

193 1999 272 2058 Urget
282 1994 348 2042 enim
359 1993 477 2042 dominns
487 2005 598 2044 mentem
606 2010 660 2043 non
668 1993 744 2054 lenis,
753 2004 778 2042 et
787 2009 853 2043 sores

194 2065 324 2128 Subiectat
332 2065 396 2114 lasso
406 2067 534 2126 stimulos,
542 2059 673 2130 versatque
681 2078 821 2130 negantem.

194 2137 254 2196 Vel,
264 2152 346 2201 quum
354 2135 470 2184 Pausisci
480 2137 681 2202 torpes‚insaue'‚
691 2136 793 2199 tabelli,

196 2207 248 2270 Qui
253 2223 340 2272 peccas
345 2206 508 2271 minusatque
513 2225 573 2272 ego,
580 2225 659 2272 quum
667 2209 739 2257 Fulvi
745 2207 915 2272 Rutuhaeque,

195 2279 249 2326 Aut
257 2277 404 2326 Placideisni
413 2289 532 2326 contento
543 2279 639 2342 poplite
650 2281 728 2326 miror

196 2348 297 2408 Proelia,
307 2348 406 2396 rubrica
414 2350 480 2412 pieta
490 2360 533 2396 aut
543 2347 663 2406 carbone;
673 2350 742 2397 velut
751 2349 773 2396 si

197 2423 235 2468 tte
245 2418 303 2467 veri
312 2430 440 2483 pugnent,
449 2419 538 2466 feriant
545 2419 676 2480 vitentque
684 2429 813 2466 moventes

196 2490 275 2538 Arma
284 2491 349 2537 viri?
363 2491 476 2553 Nequam
486 2500 511 2538 et
520 2499 626 2538 cessator
636 2490 735 2546 Davus;
744 2497 769 2536 at
777 2487 831 2552 ipse

198 2561 303 2610 subtilis
313 2571 426 2608 veterum
432 2560 511 2622 judex
520 2570 545 2607 et
552 2557 656 2611 callidus
665 2557 743 2606 audis.

196 2632 240 2683 Nil
251 2647 310 2696 ego,
321 2631 341 2678 si
351 2631 430 2680 ducor
438 2631 491 2678 libo
501 2629 612 2678 fumante
620 2646 625 2676 :
633 2628 679 2676 tibi
686 2629 774 2694 ingens

198 2703 287 2751 Virtus
296 2713 371 2765 atque
381 2701 479 2749 animus
488 2701 564 2748 eoenis
573 2710 702 2763 responsat
710 2701 808 2765 opimis.

199 2773 358 2840 Obsequium
367 2772 462 2822 ventris
473 2769 535 2822 mihi
543 2772 707 2839 perniciosius
716 2783 765 2838 est:
775 2773 837 2823 euri
