2176 3540
284 355 734 408 Ertsrottttottnte.11.
818 354 879 408 act

149 451 213 499 Mox
224 449 313 510 etiam,
322 451 343 497 si
353 447 417 497 forte
426 463 510 510 vacas,
519 463 635 514 sequere,
645 458 670 496 et
678 446 767 512 procul
775 443 835 495 audi

150 521 221 582 Quid
230 520 292 568 ferat
301 531 327 568 et
336 534 411 583 quare
422 518 469 567 sibi
480 528 563 568 nectat
571 530 679 583 uterque
688 535 816 566 coronam.

151 591 290 652 caedimur,
299 603 324 639 et
333 591 439 638 totidem
448 591 525 655 plagis
535 585 706 639 consumimus
716 589 828 650 hostem,

149 664 230 709 Lento
241 661 362 711 Samnites
372 661 403 708 ud
412 661 508 709 lumina
517 661 597 726 prima
607 661 698 708 duello.

149 732 257 780 Discedo
267 731 364 780 Alcaeus
374 743 470 796 puncto
479 731 559 791 illius;
569 729 611 779 ille
620 747 676 778 meo
686 731 758 793 quis?

150 803 230 863 Quis,
238 803 287 850 nisi
297 801 478 851 Callimachus?
488 803 508 850 si
516 801 574 866 plus
584 801 717 865 adposcere
726 802 808 860 visus,

149 874 189 920 Fit
199 873 378 934 Mimnermus,
388 883 413 921 et
423 873 510 936 optivo
520 871 669 935 cognomine
678 872 773 918 crescit.

149 943 231 992 Multa
241 942 307 1004 sero,
318 954 348 992 ut
356 944 451 1008 placem
461 959 539 1008 genus
547 941 669 990 irritabile·
676 953 776 1000 vatum,

151 1015 241 1075 Quum
251 1014 332 1062 scribo
342 1025 367 1061 et
378 1013 484 1077 supplex
492 1013 583 1078 populi
591 1012 708 1077 suffragiu
717 1021 803 1075 capto:

152 1085 237 1144 Idem,
245 1083 323 1131 linitis
332 1083 421 1132 studiis
431 1095 456 1134 et
464 1095 548 1132 mente
558 1081 667 1148 recepti,

151 1155 276 1203 Obturem
285 1155 381 1219 patulas
389 1155 494 1218 impuub
502 1154 641 1218 legentibus
650 1169 730 1201 aures.

150 1225 277 1273 Ridentur
287 1225 349 1272 mala
359 1225 403 1292 qui
413 1235 572 1290 componunt
580 1225 702 1283 carmina3
711 1217 800 1270 verium
834 1217 836 1222 ’

152 1295 268 1344 Gaudent
278 1293 426 1356 scribentes,
436 1306 461 1342 et
470 1311 495 1342 se
504 1305 669 1355 venerantur,
678 1305 704 1340 et
712 1293 794 1352 ultro,

152 1368 179 1414 Si
188 1375 280 1425 taceas,
288 1365 401 1426 laudant,
411 1365 535 1429 quidquid
544 1367 674 1430 scripsere,
683 1363 757 1412 beuti.

153 1437 201 1497 At,
210 1437 255 1501 qui
263 1436 404 1500 legitimum
413 1436 498 1501 cupiet
507 1435 592 1484 fecisse
602 1439 706 1502 poe'ma,
781 1437 784 1446 ’

153 1509 219 1557 Cum
229 1507 319 1556 tabulis
328 1507 441 1554 u'nimum
451 1507 559 1556 censoris
569 1517 652 1556 sumet
660 1503 774 1565 honesti;

153 1577 265 1627 Audebit
274 1587 438 1642 quaecumque
447 1594 537 1641 parum
547 1577 686 1642 splendoris
694 1577 838 1636 habebunt,

152 1649 185 1696 Et
194 1649 245 1696 sine
253 1649 365 1714 pondere
377 1659 464 1710 erunt,
473 1649 603 1696 ethonore
613 1648 715 1712 indigna
724 1647 849 1707 ferentur,

154 1718 236 1767 Verba
246 1735 346 1768 movere
355 1721 427 1781 loco,
436 1719 551 1783 quamvis
559 1718 638 1766 invita
647 1717 774 1777 recedant,

154 1793 185 1839 Et
192 1801 323 1838 versentur
332 1789 414 1838 adhuc
422 1791 488 1838 intra
496 1789 631 1855 penetralia
640 1791 731 1836 Vestae.
752 1846 755 1852 ,

154 1859 293 1910 Obscurata
304 1859 348 1908 diir
357 1861 455 1925 populo
464 1861 548 1909 bonus
557 1871 641 1919 eruet,
649 1870 724 1922 atque
753 1867 756 1876 “

117 1981 120 1986 ,
154 1931 267 1980 Proferri
276 1932 303 1978 in
313 1933 397 1980 lucem
407 1932 517 1996 speciosa
527 1931 648 1978 vocabula
656 1945 754 1988 rerum,

154 2004 231 2064 Quae,
239 2002 325 2066 priscis
335 2012 471 2050 memorata
481 2001 617 2050 Catonibus
627 2011 701 2064 atque
711 1997 838 2062 Cethegis,

154 2075 229 2122 Nunc
239 2072 301 2119 situs
310 2071 424 2120 informis
434 2073 526 2136 premit
536 2082 562 2119 et
570 2071 665 2119 deserta
673 2079 796 2118 vetustas:

154 2143 280 2191 Adscisset
287 2158 366 2202 nova,
376 2150 432 2205 quer
441 2143 538 2206 genitor
547 2141 696 2206 produxerit
705 2156 773 2190 usus.

154 2213 296 2262 Vehemens
305 2223 330 2261 et
337 2213 464 2276 liquidus,
471 2230 588 2278 puroque
598 2213 737 2261 simillimus
747 2213 826 2276 amni,

153 2285 253 2335 Fundet
261 2299 336 2348 opes,
345 2283 495 2347 Latiumque
505 2284 588 2332 beabit
599 2284 675 2332 divite
684 2282 777 2347 lingui.

153 2354 318 2406 luxuriantia
327 2364 481 2419 compescet,
490 2352 659 2416 uimis'aspera
668 2367 729 2402 sano

153 2424 257 2476 Levabit
265 2424 351 2485 cultu,
359 2425 453 2472 virtute
462 2425 568 2472 carentia
580 2423 663 2471 tollet:

154 2495 276 2547 Ludentis
284 2489 392 2558 'speciem
402 2493 483 2556 dabit,
491 2507 517 2542 et
527 2493 699 2559 torquebitur,
709 2504 738 2540 ut
748 2493 793 2556 qui

154 2570 230 2618 Nunc
241 2567 372 2631 Satyrum,
380 2582 450 2614 nuno
459 2574 579 2630 agrestem
590 2563 698 2628 Cyclopa
708 2574 834 2615 movetur.

152 2638 310 2688 Praetulerim
320 2638 427 2700 scriptor
436 2636 530 2684 delirus
538 2637 656 2697 inersque
665 2634 759 2694 videri,

152 2711 223 2759 Dum
233 2723 287 2754 mea
297 2706 419 2755 delectent
428 2707 491 2754 mala
500 2723 553 2767 me,
562 2705 601 2752 vel
612 2705 720 2769 denique
730 2704 830 2768 fallant,

153 2777 239 2842 Qnim
248 2793 346 2842 sapere,
357 2788 382 2825 et
392 2777 464 2842 ringi.
473 2779 531 2825 Fuit
541 2775 609 2824 haud
618 2775 737 2840 ignobilis
747 2777 835 2842 Argis,

154 2849 209 2913 Qui
218 2864 244 2896 se
253 2845 369 2896 credebat
378 2847 454 2896 miros
465 2847 549 2895 audire
559 2845 695 2912 tragoedos,

153 2923 186 2971 In
195 2935 275 2972 vacuo
284 2918 356 2970 laetus
365 2935 448 2970 sessor
455 2919 606 2986 plausorque
616 2917 730 2977 theatro)
