2176 3540
373 283 450 334 trs
469 286 655 336 normes.
824 291 872 356 πῃ·

152 371 211 422 Neu
219 387 316 438 pram
324 372 413 422 Iamiae
422 375 509 422 vivum
517 391 627 438 puerum
635 375 749 425 extrahat
757 375 820 426 atro.

153 445 281 494 (lentariae
290 447 418 492 seniorum
424 445 522 509 agitant
531 446 641 510 expertia
650 446 742 512 frugis,

154 515 219 564 Celsi
228 525 380 578 praetereunt
388 526 485 564 austera
494 519 608 578 poemata
617 516 758 566 Rhamnes:

154 587 239 634 Omne
248 585 308 634 tulit
316 596 455 649 punctum,
464 587 509 649 qni
519 586 617 634 miscuit
627 587 686 636 utile
698 587 778 650 dulci,

154 659 286 720 Lectorem
297 655 440 720 delectando
450 657 591 720 pariterque
601 657 735 708 mouendo.

155 728 203 775 Hic
214 737 293 775 meret
302 741 349 774 aera
358 725 421 774 liber
431 727 519 784 Sosiis;
529 726 572 776 bic
581 737 605 774 et
615 743 681 776 mare
690 730 792 790 transit,

156 799 189 846 Et
197 797 304 861 longum
312 806 374 845 noto
384 796 500 860 scriptori
508 807 627 861 prorogat
635 813 725 846 aevurn.

156 869 226 916 Sunt
236 867 326 916 delicta
335 878 418 918 tamen
428 867 521 930 quibus
530 868 654 930 ignovisse
664 869 782 917 velimus:

157 940 224 992 Nam
230 954 313 1002 neque
319 937 414 986 chorda
420 953 512 988 sonum
520 937 602 986 reddit
609 954 685 1003 quem
693 939 749 987 vult
756 957 845 991 manus
853 956 878 992 et

247 1025 332 1069 mens,

157 1082 324 1144 Poscentique
334 1095 432 1146 gravem
442 1079 551 1144 persaepe
561 1081 666 1130 remittit
674 1092 789 1142 acutum3

158 1152 213 1204 Nec
222 1168 319 1216 semper
328 1150 399 1199 feriet
408 1149 587 1213 quodcumque
597 1151 734 1200 minabitur
742 1168 822 1202 arcus.

158 1221 269 1282 Verum,
281 1221 323 1269 ubi
333 1222 406 1286 plura
415 1221 497 1268 nitent
505 1221 533 1268 in
542 1221 663 1281 carmine,
674 1238 727 1269 non
736 1238 782 1286 ego
792 1228 878 1288 paucis

160 1294 283 1342 Ofleudar
293 1293 409 1352 maculis,
418 1307 480 1356 quas
490 1301 535 1339 aut
542 1291 638 1338 incuria
648 1292 727 1354 fudit,

160 1367 215 1412 Aut
222 1360 426 1427 humauapariim
434 1362 498 1408 eavit
505 1363 780 1430 natnrr.—Quidergo
787 1368 878 1416 esti—-

161 1437 198 1484 Ut
206 1437 312 1498 scriptor
321 1435 342 1482 si
351 1444 436 1497 peccat
445 1432 512 1480 idem
520 1431 635 1482 librarius
645 1451 737 1499 usque,
748 1465 749 1468 =

162 1506 286 1567 Quamvis
296 1515 332 1553 est
341 1504 466 1563 monitus,
474 1503 546 1550 veniri
556 1515 634 1562 caret;
644 1515 668 1552 et
677 1506 827 1558 citharoedus

163 1576 284 1636 nideror,
292 1573 386 1624 chordis
396 1574 441 1638 qui
449 1589 546 1638 semper
554 1574 653 1622 oberrat
663 1574 762 1627 eidem:

163 1648 204 1696 Sic
214 1647 290 1706 mihi,
299 1646 343 1710 qui
352 1642 461 1694 multum
470 1654 561 1702 cessat,
570 1642 599 1690 fit
609 1643 733 1697 Cher-filus
742 1650 796 1710 ille,

166 1718 250 1779 Quem
258 1717 297 1764 bis
307 1727 393 1780 terque
402 1713 501 1763 bonum
509 1730 567 1762 cum
577 1715 630 1768 risu
640 1719 730 1779 miror;
742 1731 766 1768 et
774 1720 841 1770 idem

97 1811 101 1818 ·
164 1787 298 1853 Indignor,
308 1786 459 1851 quandoque
468 1785 553 1838 bonus
562 1788 680 1838 dormitat
688 1791 821 1840 Homerus.

163 1857 262 1919 'Verium
272 1859 341 1923 operi
350 1858 427 1921 longo
437 1857 472 1908 fas
481 1872 519 1908 est
527 1860 647 1924 obrepere
655 1877 782 1909 somnum.

167 1933 204 1980 Ut
212 1931 322 1994 pictura,
331 1929 425 1993 podiis:
436 1931 483 1978 erit
492 1948 562 1996 quse,
571 1931 592 1978 si
601 1929 706 1994 propiis
716 1943 778 1992 stes,

167 2003 205 2050 Te
214 2001 294 2066 capiet
304 2001 393 2064 magis,
405 2012 430 2049 et
439 2001 566 2065 quaedam,
576 2002 597 2049 si
605 2000 704 2065 longiirs
714 2003 803 2050 abstes.

169 2074 228 2120 'llaec
237 2083 302 2120 amat
311 2072 460 2132 obscurum
472 2072 539 2120 volet
546 2072 600 2120 baec
609 2071 656 2120 sub
665 2072 721 2121 luce
729 2073 822 2135 videri,

170 2142 267 2191 Jndicis
276 2155 392 2208 argutum
402 2159 459 2206 quae
468 2159 521 2194 non
529 2142 648 2192 formidat
658 2160 774 2194 acumen:

170 2216 228 2262 llaec
237 2215 331 2278 placuit
340 2214 430 2275 semel,
437 2214 580 2290 haeder-ies
590 2216 693 2278 repetita
703 2216 816 2280 placebit.

171 2287 194 2333 0
205 2285 285 2346 major
293 2285 428 2346 juvenum,
437 2286 552 2348 quamvis
560 2295 585 2333 et
593 2300 654 2332 voce
663 2285 764 2347 paterni

173 2355 282 2419 Fingeris
290 2354 321 2402 ad
331 2367 441 2414 rectum,
450 2365 475 2402 et
483 2371 528 2418 per
538 2366 562 2404 te
570 2354 648 2418 sapis,
656 2354 706 2402 hoc
715 2354 761 2401 tihi
771 2355 867 2406 dictura
906 2347 917 2364 ⁸

173 2425 243 2474 Tolle
252 2441 360 2474 memor:
371 2426 445 2474 certis
456 2425 567 2476 medium
576 2434 602 2472 et
611 2423 735 2473 tolerabile
744 2424 819 2474 rebus

171 2495 249 2544 Recte
258 2496 369 2546 concedi.
383 2497 518 2546 Consultus
528 2495 603 2558 juris,
612 2505 637 2542 et
646 2506 716 2543 actor

175 2567 312 2616 Causarum
322 2566 467 2626 mediocria,
475 2565 543 2616 abest
552 2567 645 2614 virtute
656 2565 741 2614 diserti

174 2637 298 2698 Messalae,
305 2653 352 2688 nec
361 2637 407 2686 scit
416 2634 539 2700 quantirm
551 2635 680 2686 Cascellius
690 2637 786 2696 Aulus3
803 2693 805 2698 .

175 2708 223 2757 Sed
232 2707 352 2758 tamenin
361 2708 443 2770 pretio
453 2717 502 2756 est:
512 2705 679 2758 mediocribus
688 2725 739 2757 esse
748 2711 829 2772 poetis

175 2780 235 2830 Non
243 2778 373 2838 homines,
382 2794 436 2825 non
443 2775 490 2838 Di,
498 2793 551 2830 non
559 2793 699 2825 concessere
709 2779 838 2828 columna.

177 2851 211 2900 Ut
221 2859 301 2916 gratas
309 2849 375 2902 inter
384 2863 480 2900 mensas
489 2847 638 2916 symphonia
648 2848 753 2908 discors,

758 2927 790 2975 ²4
