2176 3540
392 329 716 384 susrourrcsffi
773 357 777 369 ι
844 337 894 400 ,69

171 417 203 466 Et
211 433 280 466 nova
287 417 396 486 fictaque
405 437 487 486 nuper
495 419 627 469 habebunt
634 420 710 470 verba
721 417 811 485 iidem,
820 423 841 472 si

171 489 265 551 Graeco.
271 489 341 540 lonte
347 492 451 553 cadant,
460 492 531 556 parce
540 492 645 540 detorta.
661 493 732 554 Quid
740 505 823 542 autem
838 515 839 521 ¹

173 561 272 620 Caecilio
281 563 424 626 Plautoque
433 563 502 610 dabit
513 565 641 612 Romanus
650 563 797 629 ademptum

172 630 278 696 Virgilio
288 634 431 697 Varioque?
441 650 486 699 ego
496 649 556 693 cur,
564 633 690 696 acquirere
698 651 777 699 pauca

162 702 200 748 ,Si
209 717 327 766 possum,
336 704 466 765 invideor,
477 720 557 768 quum
566 704 650 767 lingua
661 705 760 754 Catonis
770 717 795 756 et
803 705 867 757 Enni

172 771 320 821 Sermonem
328 775 440 839 patrium
449 775 579 834 ditaverit,
589 784 614 820 et
622 789 688 822 nova
696 769 781 824 ierum

171 843 282 890 Nomina
292 845 443 908 protulerit?
452 845 536 893 Licuit
544 860 690 909 semperque
699 845 785 895 licebit

172 913 304 977 Signatum
313 927 435 979 praeseute
443 915 504 964 noti
512 915 651 980 producere
660 931 761 966 nomen·
799 925 801 928 '
820 961 822 968 ,

173 985 208 1032 Ut
215 985 285 1032 silva
294 985 361 1034 foliis
370 1003 465 1051 pronos
474 996 606 1034 mutentur
614 985 642 1033 in
650 1001 742 1048 anuos,

172 1055 255 1103 Prima
265 1056 370 1118 caduut3
380 1059 414 1106 ita
423 1058 558 1106 verborum
568 1068 640 1104 retus
648 1057 734 1106 interit
742 1068 813 1121 aetas,

172 1125 202 1173 Et
210 1125 334 1188 juvenum
344 1130 395 1177 ritu
404 1127 495 1177 florent
504 1127 581 1176 modd
590 1138 661 1188 nata,
671 1128 815 1194 vigentque.

171 1196 300 1246 Debemus
309 1200 385 1248 morti
393 1215 440 1247 uos
449 1209 584 1263 nostraque
591 1215 598 1258 3
606 1200 658 1246 sive
667 1210 782 1264 receptus

171 1267 248 1316 Terrd
257 1269 393 1335 Neptunus
402 1271 490 1318 orasses
499 1269 657 1335 aquilonibus
666 1281 746 1328 arcet,

171 1339 246 1404 Regis
257 1355 335 1404 opus3
344 1341 482 1406 sterilisque
492 1339 535 1388 diis
544 1340 629 1404 palus,
638 1350 744 1404 aptaque
753 1342 839 1404 remis,

171 1409 272 1458 Vicinus
283 1412 358 1460 urbes
366 1412 410 1460 alit
419 1421 444 1460 et
453 1427 525 1476 grave
535 1411 611 1459 sentit
620 1421 743 1470 aratrum

170 1482 222 1538 Seu
231 1498 334 1530 cursum
345 1483 453 1531 mutavit
461 1482 578 1547 iniquum
587 1481 702 1547 frugibus
711 1486 803 1544 amuis,

171 1553 269 1600 Doctus
278 1554 325 1603 iter
335 1554 431 1602 melius.
446 1553 561 1603 Mortalia
569 1552 631 1601 iacta
640 1553 772 1618 peribuut;

169 1622 272 1672 Nedum
282 1640 427 1674 sermonum
436 1635 484 1673 stet
494 1625 588 1684 honos,
597 1635 623 1671 et
631 1625 708 1688 gratia
717 1626 798 1674 vivax.

170 1693 252 1742 Multa
260 1697 422 1744 renascentur
431 1694 546 1760 quaejam
556 1694 677 1753 cecidere,
686 1694 824 1758 cadentque

171 1764 235 1826 Quae
244 1781 314 1815 nune
323 1767 418 1815 suntin
427 1767 537 1826 honore,
546 1764 680 1824 vocabula,
689 1765 709 1812 si
718 1764 786 1812 volet
796 1782 870 1828 usus,

171 1837 257 1898 Quem
266 1854 342 1902 penes
353 1838 484 1885 arbitrium
496 1848 566 1884 estet
577 1835 618 1899 jus
628 1846 653 1883 et
662 1851 749 1882 norma
759 1837 886 1899 loquendi„
933 1883 941 1907 τ

170 1907 221 1954 Res
230 1919 304 1971 gestae
313 1925 450 1973 regumque
460 1907 617 1970 ducumque,
626 1917 652 1954 et
661 1906 739 1952 tristia
747 1906 822 1968 bella,

171 1977 231 2038 Quo
241 1978 315 2026 scribi
324 1981 426 2042 possent
435 1995 540 2026 numero
551 1977 699 2025 monstravit
708 1977 840 2025 Homerus.

170 2049 291 2096 Versibus
300 2049 427 2113 impariter
436 2048 530 2111 junctis
540 2047 695 2111 querimonia
703 2045 828 2110 primirm,

169 2120 231 2166 Post
241 2120 314 2166 etiam
324 2120 419 2167 inclusa
428 2129 466 2168 est
475 2119 531 2170 voti
539 2118 659 2166 sententia
669 2133 780 2182 compos.

171 2189 237 2251 Quis
246 2200 329 2237 tamen
338 2191 442 2255 exiguos·
449 2190 530 2254 elegos
540 2189 647 2236 emiserit
655 2199 743 2236 auctor

170 2260 331 2308 Grammatici
341 2270 450 2320 certant,
459 2271 484 2308 et
492 2259 575 2306 adbuc
585 2257 632 2307 sub
641 2258 723 2320 judice
732 2259 762 2306 lis
772 2271 816 2308 est.

169 2331 351 2379 Archilochum
361 2333 464 2396 proprio
474 2329 553 2377 rabies
563 2330 666 2376 armavit
674 2327 770 2376 iambo:

169 2401 245 2450 Hunc
254 2402 319 2450 socci
328 2417 414 2465 cepere
423 2401 512 2464 pedem
523 2398 674 2462 grandesque
684 2398 816 2460 cothurni,

169 2471 279 2520 Alternis
288 2484 376 2536 aptum
385 2470 555 2528 sermonibus,
567 2478 592 2514 et
601 2467 733 2530 populares

169 2543 319 2591 Vincentem
328 2544 460 2606 strepitus,
469 2551 493 2588 et
502 2549 590 2588 uatum
600 2537 674 2586 rebus
684 2537 792 2602 agendis.

171 2613 247 2660 Musa
259 2613 328 2661 dedit
337 2611 430 2660 fidibus
439 2612 518 2659 Divos
528 2624 670 2674 puerosque
679 2610 805 2672 Deorum,

169 2686 202 2732 Et
209 2683 319 2748 pugilem
328 2684 461 2740 victorem,
470 2692 495 2728 et
504 2696 598 2744 equum
607 2681 740 2728 certamine
749 2681 873 2744 primurn,
935 2723 939 2730 .

169 2756 200 2802 Et
208 2754 330 2816 juvenum
340 2769 425 2812 curas,
434 2762 459 2800 et
467 2751 543 2799 libera
553 2751 609 2798 vino
619 2750 716 2798 referre.

168 2827 311 2890 Descriptas
320 2841 418 2872 servare
427 2824 493 2870 vices
502 2837 658 2886 operumque
667 2822 763 2869 colores

170 2898 222 2947 Cur
230 2913 277 2964 ego
287 2897 308 2946 si
317 2909 417 2962 nequeo
426 2894 565 2960 ignoroque
574 2892 647 2958 pcita
656 2893 772 3009 salutorl3

742 2978 755 3010 a
777 2998 784 3014 .
