2176 3540
368 325 617 378 SATIRARUM
634 330 706 380 ΗΒ.
726 331 766 380 11.
875 346 922 380 aor

204 414 244 462 Ne
253 411 344 478 gallina
354 411 448 462 malum
456 425 586 479 responset
596 415 657 466 dura
665 419 762 482 palato,

204 486 304 533 Doctus
315 486 363 533 eris
372 485 455 534 vivam
466 487 546 534 mixto
555 491 785 540 numeralem:

203 554 260 602 Boc
270 567 381 604 teneram
390 555 470 604 faciet.
483 559 641 607 Pratensibns
652 562 747 624 optima
755 560 839 626 iungis

204 624 302 674 Natura
311 637 362 686 est3
372 626 425 676 aliis
435 627 498 676 male
507 628 624 678 creditur.
637 631 684 680 Ille
691 632 800 681 salubres

204 696 319 746 Aestates
327 708 441 762 peraget,
450 698 495 763 qui
503 700 580 764 signs
589 701 692 766 prandia
702 704 779 752 moris

191 831 193 836 Ι
205 767 301 829 Finiat,
309 780 366 816 aute
377 782 475 832 gravent
484 785 540 833 quse
548 771 635 835 legerit
643 773 731 822 arbore
741 775 826 824 solem.

206 836 326 886 Aufidius
335 839 395 888 lorti
405 840 524 889 miscebat
533 843 606 890 mella
615 844 732 904 Falerno;

144 957 149 964 ,
205 908 342 971 Mendosd‚
351 912 470 974 quoniam
479 913 564 961 vacuis
573 914 730 962 committere
737 901 808 963 renis
844 904 969 999 4912)

206 978 248 1027 Nil
258 981 306 1027 nisi
316 980 371 1028 leue
382 981 464 1030 decet:
472 982 525 1030 leui
533 983 667 1046 praecordia
678 985 761 1033 mulso
826 976 966 1185 §Q

205 1050 333 1099 Prolueris
342 1049 439 1100 melida.
452 1051 551 1100 Sidura
560 1053 700 1103 morabitur
709 1054 793 1114 alvus,
844 1089 852 1100 .
977 1108 996 1122 ..

206 1121 314 1185 Mytilus
324 1134 348 1170 et
356 1123 418 1170 viles
427 1122 521 1186 pellent
530 1123 654 1171 obstantis
663 1124 778 1186 concha,
829 1065 877 1247 ᾖ

206 1191 238 1239 Et
246 1191 341 1256 lapathi
349 1191 432 1240 brevis
440 1191 533 1254 herba,
541 1193 584 1241 sed
593 1193 650 1242 albo
659 1211 712 1243 uun
721 1195 774 1243 sine
783 1195 844 1245 eoo.
955 1184 967 1211 ⁸

204 1261 313 1310 Lubrica
321 1274 449 1312 nascentes
457 1264 565 1328 implent
574 1265 704 1330 conchylia
712 1266 786 1314 lune.

206 1333 255 1382 Sed
264 1349 318 1381 non
327 1349 402 1382 omne
412 1349 478 1382 mare
488 1345 526 1382 est
536 1351 659 1398 generosae
668 1335 747 1385 fertile
757 1346 838 1386 testae:
854 1373 867 1400 4

205 1404 304 1452 Murice
313 1405 406 1452 Baiano
415 1405 504 1453 melior
511 1407 618 1454 Lucrina
628 1408 732 1472 peloris3

206 1474 295 1522 Ostrea
304 1475 417 1536 Circeiis,
425 1475 525 1524 Miseno
535 1477 653 1526 oriuntur
662 1479 757 1540 ecbini3

204 1545 349 1593 Pectinibus
358 1545 534 1610 patulis'jactat
544 1565 570 1596 se
578 1549 654 1598 molle
663 1552 810 1599 Tarentum.

205 1615 259 1664 Nec
270 1615 317 1664 sibi
325 1631 453 1666 ooensrurn
463 1617 544 1682 quiris
554 1619 646 1668 temere
655 1631 753 1686 arroget
762 1629 855 1678 anem,

206 1687 267 1736 Non
275 1685 346 1749 prius
357 1686 441 1735 exacti
450 1689 521 1736 tenui
530 1691 625 1738 rancus
634 1705 761 1754 saporum.

207 1757 261 1804 Nec
270 1758 329 1805 satis
339 1769 376 1805 est
385 1757 438 1806 carl
447 1759 526 1823 pisces
535 1775 648 1808 averrere
656 1758 740 1808 mensi

206 1829 324 1893 ignarum
334 1829 426 1892 quibua
435 1840 472 1878 est
480 1829 521 1891 jus
530 1831 626 1894 aptius,
635 1841 661 1878 et
670 1829 764 1894 quibus
772 1827 831 1876 assis

206 1898 352 1962 Languidus
361 1901 388 1948 in
397 1899 511 1948 cubitum
520 1901 571 1964 jam
581 1917 607 1950 se
615 1901 722 1949 conviva
730 1908 844 1964 reponet.
887 1909 891 1914 ·
905 1897 907 1903 ⁴

208 1970 316 2030 Umber,
324 1981 349 2019 et
358 1969 432 2034 ilignis
442 1971 554 2020 nutritus
566 1970 668 2036 glande,
677 1970 799 2020 rotundas

211 2041 305 2089 Curvet
315 2057 373 2106 aper
383 2043 465 2090 lauces
476 2057 576 2090 carnem
586 2043 688 2092 viantis
696 2042 817 2092 inertem:

208 2112 273 2159 Nam
282 2113 392 2160 Laurens
401 2113 482 2160 malus
492 2123 543 2174 est,
551 2114 618 2162 ulvis
627 2125 652 2164 et
662 2113 785 2162 arundine
794 2111 902 2179 pinguls·

209 2183 288 2230 Vinea
297 2183 541 2247 summittit'capreas
549 2201 603 2232 uon
612 2201 709 2251 semper
718 2185 811 2234 edules.

209 2253 329 2301 Fecunda
337 2255 430 2317 leporis
440 2255 537 2317 sapiens
546 2256 680 2305 sectabitur
688 2273 780 2304 armos.

209 2323 320 2372 Piscibus
330 2335 405 2388 atque
413 2323 501 2372 avibus
510 2340 566 2390 quae
574 2337 662 2375 natura
671 2338 695 2374 et
705 2326 849 2385 loretum,

209 2393 276 2442 Ante
285 2411 370 2443 naeuus
378 2395 443 2443 nulli
451 2395 533 2460 patuit
542 2399 644 2461 quaesita
652 2397 772 2462 palatum.

211 2467 391 2529 Suntquorurn
396 2466 596 2530 ingeninmnova
604 2467 702 2515 tantum
708 2463 819 2513 crustula
824 2460 927 2527 promit.

209 2536 375 2599 Nequaquam
384 2537 442 2584 satia
450 2538 478 2584 iu
486 2553 513 2586 re
522 2537 572 2586 uni
582 2551 729 2585 consumere
738 2548 836 2582 curam:

209 2606 245 2654 Ut
254 2606 275 2653 si
284 2607 341 2671 quis
350 2604 433 2656 solium
443 2608 505 2669 boc,
516 2610 579 2656 mala
587 2624 620 2656 ne
628 2607 679 2655 sint
688 2605 759 2668 vina,
769 2605 877 2663 laboret,

211 2677 286 2737 Quali
295 2677 431 2741 perfundat
440 2679 520 2742 pisces
531 2693 634 2727 securus
643 2677 719 2726 olivo.

209 2747 313 2796 Massica
322 2749 343 2796 si
352 2749 415 2798 coelo
424 2765 552 2814 suppones
561 2751 620 2799 vina
630 2763 731 2810 sereno,

208 2817 340 2867 Nocturni
350 2820 371 2867 si
382 2821 444 2883 quid
454 2822 529 2868 crassi
538 2831 575 2868 est
584 2820 729 2870 tenuabitur
738 2818 810 2881 auri,

210 2888 242 2936 Et
252 2888 355 2938 decedet
364 2890 428 2939 odor
437 2890 520 2940 nervis
530 2891 659 2954 inimicus
670 2902 695 2942 at
702 2891 745 2941 ills
