<?xml version="1.0" encoding="UTF-8"?>
<!DOCTYPE html PUBLIC "-//W3C//DTD XHTML 1.0 Transitional//EN"
    "http://www.w3.org/TR/xhtml1/DTD/xhtml1-transitional.dtd">
<html xmlns="http://www.w3.org/1999/xhtml" xml:lang="en" lang="en">
 <head>
  <title>
</title>
<meta http-equiv="Content-Type" content="text/html;charset=utf-8" />
  <meta name='ocr-system' content='tesseract 3.04.00' />
  <meta name='ocr-capabilities' content='ocr_page ocr_carea ocr_par ocr_line ocrx_word'/>
</head>
<body>
  <div class='ocr_page' id='page_1' title='image "./quintushoratius02horagoog_0100.png"; bbox 0 0 2180 3518; ppageno 0'>
   <div class='ocr_carea' id='block_1_1' title="bbox 322 250 869 323">
    <p class='ocr_par' dir='ltr' id='par_1_1' title="bbox 322 250 869 323">
     <span class='ocr_line' id='line_1_1' title="bbox 322 250 869 323; baseline 0 0"><span class='ocrx_word' id='word_1_1' title='bbox 322 271 573 323; x_wconf 74' lang='lat' dir='ltr'>&#39;eluuruutl</span> <span class='ocrx_word' id='word_1_2' title='bbox 591 274 663 322; x_wconf 77' lang='lat' dir='ltr'>mu.</span> <span class='ocrx_word' id='word_1_3' title='bbox 683 276 740 323; x_wconf 91' lang='lat'>111.</span> <span class='ocrx_word' id='word_1_4' title='bbox 816 252 818 256; x_wconf 71' lang='grc'>’</span> <span class='ocrx_word' id='word_1_5' title='bbox 866 250 869 256; x_wconf 83' lang='grc'><strong>’</strong></span> 
     </span>
    </p>
   </div>
   <div class='ocr_carea' id='block_1_2' title="bbox 242 362 770 494">
    <p class='ocr_par' dir='ltr' id='par_1_2' title="bbox 242 362 770 494">
     <span class='ocr_line' id='line_1_2' title="bbox 242 362 770 426; baseline -0.004 -14"><span class='ocrx_word' id='word_1_6' title='bbox 242 363 331 422; x_wconf 80' lang='lat' dir='ltr'>Nam,</span> <span class='ocrx_word' id='word_1_7' title='bbox 341 378 396 426; x_wconf 83' lang='lat' dir='ltr'>quae</span> <span class='ocrx_word' id='word_1_8' title='bbox 406 363 480 408; x_wconf 83' lang='lat' dir='ltr'>nivali</span> <span class='ocrx_word' id='word_1_9' title='bbox 487 363 596 426; x_wconf 84' lang='lat' dir='ltr'>pasoitur</span> <span class='ocrx_word' id='word_1_10' title='bbox 604 362 696 426; x_wconf 82' lang='lat' dir='ltr'>Algido</span> <span class='ocrx_word' id='word_1_11' title='bbox 766 415 770 422; x_wconf 58' lang='lat'><strong><em>‚</em></strong></span> 
     </span>
     <span class='ocr_line' id='line_1_3' title="bbox 245 433 661 494; baseline -0.005 -13"><span class='ocrx_word' id='word_1_12' title='bbox 245 437 351 482; x_wconf 87' lang='lat' dir='ltr'>Devota</span> <span class='ocrx_word' id='word_1_13' title='bbox 360 448 466 494; x_wconf 89' lang='lat' dir='ltr'>quercus</span> <span class='ocrx_word' id='word_1_14' title='bbox 474 433 538 480; x_wconf 89' lang='lat' dir='ltr'>inter</span> <span class='ocrx_word' id='word_1_15' title='bbox 547 443 571 478; x_wconf 86' lang='lat' dir='ltr'>et</span> <span class='ocrx_word' id='word_1_16' title='bbox 580 433 661 492; x_wconf 83' lang='lat' dir='ltr'>ilices,</span> 
     </span>
    </p>
   </div>
   <div class='ocr_carea' id='block_1_3' title="bbox 289 501 706 646">
    <p class='ocr_par' dir='ltr' id='par_1_3' title="bbox 289 501 706 646">
     <span class='ocr_line' id='line_1_4' title="bbox 289 501 675 550; baseline 0.003 -2"><span class='ocrx_word' id='word_1_17' title='bbox 289 503 343 548; x_wconf 80' lang='lat' dir='ltr'>Aut</span> <span class='ocrx_word' id='word_1_18' title='bbox 352 502 439 549; x_wconf 84' lang='lat' dir='ltr'>crescit</span> <span class='ocrx_word' id='word_1_19' title='bbox 447 502 547 548; x_wconf 87' lang='lat' dir='ltr'>Albanis</span> <span class='ocrx_word' id='word_1_20' title='bbox 557 503 584 548; x_wconf 93' lang='lat' dir='ltr'>in</span> <span class='ocrx_word' id='word_1_21' title='bbox 592 501 675 550; x_wconf 78' lang='lat' dir='ltr'>herbis</span> 
     </span>
     <span class='ocr_line' id='line_1_5' title="bbox 324 567 706 646; baseline 0.005 -28"><span class='ocrx_word' id='word_1_22' title='bbox 324 572 443 631; x_wconf 82' lang='lat' dir='ltr'>Victima,</span> <span class='ocrx_word' id='word_1_23' title='bbox 451 570 600 635; x_wconf 80' lang='lat' dir='ltr'>pontificum</span> <span class='ocrx_word' id='word_1_24' title='bbox 607 567 706 646; x_wconf 78' lang='lat' dir='ltr'>¹secures</span> 
     </span>
    </p>
   </div>
   <div class='ocr_carea' id='block_1_4' title="bbox 252 711 670 899">
    <p class='ocr_par' dir='ltr' id='par_1_4' title="bbox 252 711 670 899">
     <span class='ocr_line' id='line_1_6' title="bbox 252 711 662 772; baseline -0.002 -13"><span class='ocrx_word' id='word_1_25' title='bbox 252 711 354 759; x_wconf 85' lang='lat' dir='ltr'>Cervioe</span> <span class='ocrx_word' id='word_1_26' title='bbox 364 711 448 772; x_wconf 74' lang='lat' dir='ltr'>tinget.</span> <span class='ocrx_word' id='word_1_27' title='bbox 458 713 493 758; x_wconf 84' lang='lat' dir='ltr'>Te</span> <span class='ocrx_word' id='word_1_28' title='bbox 502 711 566 756; x_wconf 87' lang='lat' dir='ltr'>nihil</span> <span class='ocrx_word' id='word_1_29' title='bbox 575 711 662 758; x_wconf 79' lang='lat' dir='ltr'>attinet</span> 
     </span>
     <span class='ocr_line' id='line_1_7' title="bbox 253 779 670 828; baseline -0.005 0"><span class='ocrx_word' id='word_1_30' title='bbox 253 783 359 828; x_wconf 77' lang='lat' dir='ltr'>Tentare</span> <span class='ocrx_word' id='word_1_31' title='bbox 368 780 445 827; x_wconf 72' lang='lat' dir='ltr'>multi</span> <span class='ocrx_word' id='word_1_32' title='bbox 455 779 520 826; x_wconf 84' lang='lat' dir='ltr'>caede</span> <span class='ocrx_word' id='word_1_33' title='bbox 528 779 670 826; x_wconf 83' lang='lat' dir='ltr'>bidentium</span> 
     </span>
     <span class='ocr_line' id='line_1_8' title="bbox 290 849 655 899; baseline -0.011 0"><span class='ocrx_word' id='word_1_34' title='bbox 290 854 380 899; x_wconf 78' lang='lat' dir='ltr'><strong>Parvos</strong></span> <span class='ocrx_word' id='word_1_35' title='bbox 389 860 550 897; x_wconf 77' lang='lat' dir='ltr'>coronantem</span> <span class='ocrx_word' id='word_1_36' title='bbox 560 849 655 895; x_wconf 82' lang='lat' dir='ltr'>marino</span> 
     </span>
    </p>
   </div>
   <div class='ocr_carea' id='block_1_5' title="bbox 323 918 707 982">
    <p class='ocr_par' dir='ltr' id='par_1_5' title="bbox 323 918 707 982">
     <span class='ocr_line' id='line_1_9' title="bbox 323 918 707 982; baseline -0.013 -13"><span class='ocrx_word' id='word_1_37' title='bbox 323 923 390 970; x_wconf 78' lang='lat' dir='ltr'>Rore</span> <span class='ocrx_word' id='word_1_38' title='bbox 399 919 471 979; x_wconf 84' lang='lat' dir='ltr'>deos,</span> <span class='ocrx_word' id='word_1_39' title='bbox 480 918 609 982; x_wconf 73' lang='lat' dir='ltr'>fragilique</span> <span class='ocrx_word' id='word_1_40' title='bbox 618 929 707 982; x_wconf 75' lang='lat' dir='ltr'>myrto.</span> 
     </span>
    </p>
   </div>
   <div class='ocr_carea' id='block_1_6' title="bbox 255 1057 701 1331">
    <p class='ocr_par' dir='ltr' id='par_1_6' title="bbox 255 1057 701 1246">
     <span class='ocr_line' id='line_1_10' title="bbox 255 1057 682 1120; baseline -0.012 -14"><span class='ocrx_word' id='word_1_41' title='bbox 255 1060 376 1107; x_wconf 89' lang='lat' dir='ltr'>Immunis</span> <span class='ocrx_word' id='word_1_42' title='bbox 386 1075 452 1106; x_wconf 88' lang='lat' dir='ltr'>aram</span> <span class='ocrx_word' id='word_1_43' title='bbox 462 1059 483 1104; x_wconf 88' lang='lat' dir='ltr'>si</span> <span class='ocrx_word' id='word_1_44' title='bbox 493 1057 573 1120; x_wconf 79' lang='lat' dir='ltr'>tetigit</span> <span class='ocrx_word' id='word_1_45' title='bbox 582 1073 682 1115; x_wconf 80' lang='lat' dir='ltr'>manus,</span> 
     </span>
     <span class='ocr_line' id='line_1_11' title="bbox 255 1126 697 1192; baseline -0.007 -15"><span class='ocrx_word' id='word_1_46' title='bbox 255 1132 316 1178; x_wconf 84' lang='lat' dir='ltr'>Non</span> <span class='ocrx_word' id='word_1_47' title='bbox 324 1127 470 1192; x_wconf 73' lang='lat' dir='ltr'>sumptuosi</span> <span class='ocrx_word' id='word_1_48' title='bbox 479 1126 594 1174; x_wconf 87' lang='lat' dir='ltr'>blandior</span> <span class='ocrx_word' id='word_1_49' title='bbox 603 1127 697 1186; x_wconf 79' lang='lat' dir='ltr'>hostii,</span> 
     </span>
     <span class='ocr_line' id='line_1_12' title="bbox 291 1195 701 1246; baseline -0.015 1"><span class='ocrx_word' id='word_1_50' title='bbox 291 1199 400 1246; x_wconf 83' lang='lat' dir='ltr'>Mollivit</span> <span class='ocrx_word' id='word_1_51' title='bbox 411 1213 510 1245; x_wconf 84' lang='lat' dir='ltr'>aversos</span> <span class='ocrx_word' id='word_1_52' title='bbox 518 1199 621 1243; x_wconf 80' lang='lat' dir='ltr'>Penates</span> <span class='ocrx_word' id='word_1_53' title='bbox 699 1195 701 1201; x_wconf 57' lang='lat'><strong><em>⁴</em></strong></span> 
     </span>
    </p>

    <p class='ocr_par' dir='ltr' id='par_1_7' title="bbox 326 1264 673 1331">
     <span class='ocr_line' id='line_1_13' title="bbox 326 1264 673 1331; baseline -0.006 -16"><span class='ocrx_word' id='word_1_54' title='bbox 326 1273 397 1316; x_wconf 80' lang='lat' dir='ltr'>Farre</span> <span class='ocrx_word' id='word_1_55' title='bbox 406 1268 450 1331; x_wconf 92' lang='lat' dir='ltr'>pio</span> <span class='ocrx_word' id='word_1_56' title='bbox 460 1278 485 1314; x_wconf 88' lang='lat' dir='ltr'>et</span> <span class='ocrx_word' id='word_1_57' title='bbox 494 1265 594 1314; x_wconf 72' lang='lat' dir='ltr'>saliente</span> <span class='ocrx_word' id='word_1_58' title='bbox 603 1264 673 1314; x_wconf 77' lang='lat' dir='ltr'>mici.</span> 
     </span>
    </p>
   </div>
   <div class='ocr_carea' id='block_1_7' title="bbox 321 1542 766 1734">
    <p class='ocr_par' dir='ltr' id='par_1_8' title="bbox 321 1542 766 1734">
     <span class='ocr_line' id='line_1_14' title="bbox 373 1542 691 1618; baseline -0.006 -1"><span class='ocrx_word' id='word_1_59' title='bbox 373 1542 506 1618; x_wconf 80' lang='lat' dir='ltr'>&#39;ODE</span> <span class='ocrx_word' id='word_1_60' title='bbox 527 1549 691 1617; x_wconf 77' lang='lat' dir='ltr'><strong>XXIV.</strong></span> 
     </span>
     <span class='ocr_line' id='line_1_15' title="bbox 321 1686 766 1734; baseline 0 -2"><span class='ocrx_word' id='word_1_61' title='bbox 321 1687 365 1733; x_wconf 77' lang='lat' dir='ltr'>ru</span> <span class='ocrx_word' id='word_1_62' title='bbox 382 1686 766 1734; x_wconf 73' lang='lat' dir='ltr'>u1v1rustvsnos.</span> 
     </span>
    </p>
   </div>
   <div class='ocr_carea' id='block_1_8' title="bbox 245 1789 857 2862">
    <p class='ocr_par' dir='ltr' id='par_1_9' title="bbox 399 1789 710 1887">
     <span class='ocr_line' id='line_1_16' title="bbox 399 1789 710 1887; baseline -0.01 -15"><span class='ocrx_word' id='word_1_63' title='bbox 399 1789 557 1872; x_wconf 71' lang='lat' dir='ltr'>Irrlcrrs</span> <span class='ocrx_word' id='word_1_64' title='bbox 567 1821 710 1887; x_wconf 81' lang='lat' dir='ltr'>opulentior</span> 
     </span>
    </p>

    <p class='ocr_par' dir='ltr' id='par_1_10' title="bbox 245 1885 738 2026">
     <span class='ocr_line' id='line_1_17' title="bbox 245 1885 738 1952; baseline -0.004 -10"><span class='ocrx_word' id='word_1_65' title='bbox 245 1885 249 1892; x_wconf 49' lang='lat'>¹</span> <span class='ocrx_word' id='word_1_66' title='bbox 262 1893 393 1942; x_wconf 80' lang='lat' dir='ltr'>Thesauris</span> <span class='ocrx_word' id='word_1_67' title='bbox 403 1895 514 1941; x_wconf 82' lang='lat' dir='ltr'>Arabum</span> <span class='ocrx_word' id='word_1_68' title='bbox 524 1905 549 1941; x_wconf 89' lang='lat' dir='ltr'>et</span> <span class='ocrx_word' id='word_1_69' title='bbox 558 1893 641 1940; x_wconf 82' lang='lat' dir='ltr'>divitis</span> <span class='ocrx_word' id='word_1_70' title='bbox 650 1892 738 1952; x_wconf 77' lang='lat' dir='ltr'>Indiae,</span> 
     </span>
     <span class='ocr_line' id='line_1_18' title="bbox 399 1964 710 2026; baseline -0.003 -15"><span class='ocrx_word' id='word_1_71' title='bbox 399 1965 527 2012; x_wconf 82' lang='lat' dir='ltr'>Caementis</span> <span class='ocrx_word' id='word_1_72' title='bbox 539 1964 596 2011; x_wconf 88' lang='lat' dir='ltr'>licet</span> <span class='ocrx_word' id='word_1_73' title='bbox 605 1978 710 2026; x_wconf 82' lang='lat' dir='ltr'>occupes</span> 
     </span>
    </p>

    <p class='ocr_par' dir='ltr' id='par_1_11' title="bbox 262 2031 826 2166">
     <span class='ocr_line' id='line_1_19' title="bbox 262 2031 826 2098; baseline 0.002 -18"><span class='ocrx_word' id='word_1_74' title='bbox 262 2034 418 2096; x_wconf 80' lang='lat' dir='ltr'>Tyrrhenum</span> <span class='ocrx_word' id='word_1_75' title='bbox 428 2049 502 2080; x_wconf 90' lang='lat' dir='ltr'>omne</span> <span class='ocrx_word' id='word_1_76' title='bbox 511 2035 561 2080; x_wconf 89' lang='lat' dir='ltr'>tuis</span> <span class='ocrx_word' id='word_1_77' title='bbox 571 2044 595 2081; x_wconf 87' lang='lat' dir='ltr'>et</span> <span class='ocrx_word' id='word_1_78' title='bbox 604 2049 669 2080; x_wconf 85' lang='lat' dir='ltr'>mare</span> <span class='ocrx_word' id='word_1_79' title='bbox 679 2031 826 2098; x_wconf 85' lang='lat' dir='ltr'>Apolicum;</span> 
     </span>
     <span class='ocr_line' id='line_1_20' title="bbox 403 2101 669 2166; baseline 0.004 -16"><span class='ocrx_word' id='word_1_80' title='bbox 403 2105 430 2150; x_wconf 87' lang='lat' dir='ltr'>Si</span> <span class='ocrx_word' id='word_1_81' title='bbox 438 2101 492 2166; x_wconf 79' lang='lat' dir='ltr'>figit</span> <span class='ocrx_word' id='word_1_82' title='bbox 501 2104 669 2151; x_wconf 80' lang='lat' dir='ltr'>adamantinos</span> 
     </span>
    </p>

    <p class='ocr_par' dir='ltr' id='par_1_12' title="bbox 263 2171 826 2302">
     <span class='ocr_line' id='line_1_21' title="bbox 263 2171 715 2229; baseline 0.002 -9"><span class='ocrx_word' id='word_1_83' title='bbox 263 2173 371 2220; x_wconf 85' lang='lat' dir='ltr'>Summis</span> <span class='ocrx_word' id='word_1_84' title='bbox 379 2171 514 2229; x_wconf 70' lang='lat' dir='ltr'>renisibus</span> <span class='ocrx_word' id='word_1_85' title='bbox 524 2173 576 2220; x_wconf 87' lang='lat' dir='ltr'>dira</span> <span class='ocrx_word' id='word_1_86' title='bbox 586 2175 715 2221; x_wconf 78' lang='lat' dir='ltr'>necessitas</span> 
     </span>
     <span class='ocr_line' id='line_1_22' title="bbox 403 2240 826 2302; baseline 0 -14"><span class='ocrx_word' id='word_1_87' title='bbox 403 2242 506 2300; x_wconf 73' lang='lat' dir='ltr'>clavos,</span> <span class='ocrx_word' id='word_1_88' title='bbox 515 2240 567 2290; x_wconf 85' lang='lat' dir='ltr'>non</span> <span class='ocrx_word' id='word_1_89' title='bbox 576 2245 687 2290; x_wconf 85' lang='lat' dir='ltr'>animum</span> <span class='ocrx_word' id='word_1_90' title='bbox 696 2253 777 2302; x_wconf 85' lang='lat' dir='ltr'>metu,</span> <span class='ocrx_word' id='word_1_91' title='bbox 824 2265 826 2272; x_wconf 45' lang='lat' dir='ltr'>v</span> 
     </span>
    </p>

    <p class='ocr_par' dir='ltr' id='par_1_13' title="bbox 264 2309 771 2444">
     <span class='ocr_line' id='line_1_23' title="bbox 264 2309 740 2376; baseline 0.006 -21"><span class='ocrx_word' id='word_1_92' title='bbox 264 2309 324 2356; x_wconf 85' lang='lat' dir='ltr'>Nou</span> <span class='ocrx_word' id='word_1_93' title='bbox 334 2311 421 2359; x_wconf 83' lang='lat' dir='ltr'>mortis</span> <span class='ocrx_word' id='word_1_94' title='bbox 429 2312 523 2374; x_wconf 80' lang='lat' dir='ltr'>laqueis</span> <span class='ocrx_word' id='word_1_95' title='bbox 533 2313 647 2376; x_wconf 85' lang='lat' dir='ltr'>expedies</span> <span class='ocrx_word' id='word_1_96' title='bbox 658 2323 740 2376; x_wconf 82' lang='lat' dir='ltr'>caput.</span> 
     </span>
     <span class='ocr_line' id='line_1_24' title="bbox 403 2381 771 2444; baseline 0 -17"><span class='ocrx_word' id='word_1_97' title='bbox 403 2381 555 2444; x_wconf 84' lang='lat' dir='ltr'>Campestres</span> <span class='ocrx_word' id='word_1_98' title='bbox 564 2383 652 2429; x_wconf 86' lang='lat' dir='ltr'>melius</span> <span class='ocrx_word' id='word_1_99' title='bbox 661 2382 771 2444; x_wconf 74' lang='lat' dir='ltr'>Scythae,</span> 
     </span>
    </p>

    <p class='ocr_par' dir='ltr' id='par_1_14' title="bbox 266 2448 857 2583">
     <span class='ocr_line' id='line_1_25' title="bbox 266 2448 857 2516; baseline 0.002 -21"><span class='ocrx_word' id='word_1_100' title='bbox 266 2448 382 2508; x_wconf 87' lang='lat' dir='ltr'>Quorum</span> <span class='ocrx_word' id='word_1_101' title='bbox 390 2450 499 2513; x_wconf 79' lang='lat' dir='ltr'>plaustra</span> <span class='ocrx_word' id='word_1_102' title='bbox 508 2468 578 2516; x_wconf 79' lang='lat' dir='ltr'>vagas</span> <span class='ocrx_word' id='word_1_103' title='bbox 587 2453 633 2496; x_wconf 88' lang='lat' dir='ltr'>rite</span> <span class='ocrx_word' id='word_1_104' title='bbox 645 2451 748 2496; x_wconf 85' lang='lat' dir='ltr'>trahunt</span> <span class='ocrx_word' id='word_1_105' title='bbox 757 2448 857 2508; x_wconf 80' lang='lat' dir='ltr'>domos,</span> 
     </span>
     <span class='ocr_line' id='line_1_26' title="bbox 402 2518 721 2583; baseline -0.006 -17"><span class='ocrx_word' id='word_1_106' title='bbox 402 2521 514 2580; x_wconf 78' lang='lat' dir='ltr'>Vivum,</span> <span class='ocrx_word' id='word_1_107' title='bbox 526 2532 551 2568; x_wconf 88' lang='lat' dir='ltr'>et</span> <span class='ocrx_word' id='word_1_108' title='bbox 558 2518 630 2583; x_wconf 76' lang='lat' dir='ltr'>rigidi</span> <span class='ocrx_word' id='word_1_109' title='bbox 641 2519 721 2576; x_wconf 84' lang='lat' dir='ltr'>Getae3</span> 
     </span>
    </p>

    <p class='ocr_par' dir='ltr' id='par_1_15' title="bbox 265 2588 804 2722">
     <span class='ocr_line' id='line_1_27' title="bbox 265 2588 804 2654; baseline 0 -20"><span class='ocrx_word' id='word_1_110' title='bbox 265 2588 391 2636; x_wconf 78' lang='lat' dir='ltr'>Immemta</span> <span class='ocrx_word' id='word_1_111' title='bbox 400 2591 491 2652; x_wconf 87' lang='lat' dir='ltr'>quibus</span> <span class='ocrx_word' id='word_1_112' title='bbox 499 2591 583 2654; x_wconf 83' lang='lat' dir='ltr'>jugera</span> <span class='ocrx_word' id='word_1_113' title='bbox 591 2588 680 2636; x_wconf 86' lang='lat' dir='ltr'>liberas</span> <span class='ocrx_word' id='word_1_114' title='bbox 802 2591 804 2598; x_wconf 89' lang='grc'><strong>’</strong></span> 
     </span>
     <span class='ocr_line' id='line_1_28' title="bbox 403 2657 760 2722; baseline 0 -17"><span class='ocrx_word' id='word_1_115' title='bbox 403 2663 495 2722; x_wconf 83' lang='lat' dir='ltr'>Fruges</span> <span class='ocrx_word' id='word_1_116' title='bbox 504 2671 529 2706; x_wconf 90' lang='lat' dir='ltr'>et</span> <span class='ocrx_word' id='word_1_117' title='bbox 539 2661 652 2707; x_wconf 85' lang='lat' dir='ltr'>Cererem</span> <span class='ocrx_word' id='word_1_118' title='bbox 664 2657 760 2718; x_wconf 80' lang='lat' dir='ltr'>lerunt,</span> 
     </span>
    </p>

    <p class='ocr_par' dir='ltr' id='par_1_16' title="bbox 265 2724 790 2862">
     <span class='ocr_line' id='line_1_29' title="bbox 265 2724 722 2792; baseline 0.007 -20"><span class='ocrx_word' id='word_1_119' title='bbox 265 2724 317 2772; x_wconf 80' lang='lat' dir='ltr'>Nec</span> <span class='ocrx_word' id='word_1_120' title='bbox 326 2726 423 2774; x_wconf 80' lang='lat' dir='ltr'>cultura</span> <span class='ocrx_word' id='word_1_121' title='bbox 432 2729 512 2791; x_wconf 77' lang='lat' dir='ltr'>placet</span> <span class='ocrx_word' id='word_1_122' title='bbox 520 2729 619 2792; x_wconf 70' lang='lat' dir='ltr'>longior</span> <span class='ocrx_word' id='word_1_123' title='bbox 629 2727 722 2787; x_wconf 79' lang='lat' dir='ltr'>annui3</span> 
     </span>
     <span class='ocr_line' id='line_1_30' title="bbox 405 2797 790 2862; baseline 0.008 -18"><span class='ocrx_word' id='word_1_124' title='bbox 405 2797 609 2862; x_wconf 77' lang='lat' dir='ltr'>Defunctumque</span> <span class='ocrx_word' id='word_1_125' title='bbox 618 2798 743 2846; x_wconf 79' lang='lat' dir='ltr'>laboribus</span> <span class='ocrx_word' id='word_1_126' title='bbox 788 2826 790 2831; x_wconf 91' lang='lat'>·</span> 
     </span>
    </p>
   </div>
   <div class='ocr_carea' id='block_1_9' title="bbox 0 0 1108 3518">
    <p class='ocr_par' dir='ltr' id='par_1_17' title="bbox 0 0 1108 3518">
     <span class='ocr_line' id='line_1_31' title="bbox 0 0 1108 3518; baseline 0 0"><span class='ocrx_word' id='word_1_127' title='bbox 0 0 1108 3518; x_wconf 95' lang='lat' dir='ltr'> </span> 
     </span>
    </p>
   </div>
  </div>
 </body>
</html>
