2176 3540
214 313 263 368 ¹9⁴
373 306 406 367 Q.
424 305 605 355 rorarii
623 306 772 360 rraccr

210 391 407 456 Undiqnciann'
415 396 505 442 unua?
518 396 646 459 Populum
655 398 677 444 ai
685 397 778 446 caedere
787 399 852 448 saxia

208 464 328 528 Incipias,
336 480 470 530 cervosque
479 475 526 513 tuo
535 482 599 529 quoe
608 482 655 514 acre
663 467 770 531 paritis,

208 536 329 582 Insanum
339 545 363 581 te
372 551 459 584 omnes
468 537 542 600 pueri
549 536 706 602 clamentque
715 539 816 603 puellae:

210 605 298 666 Quum
307 607 396 670 laqueo
406 613 511 654 uxorem
520 607 642 656 interimis
652 619 806 673 matremque
816 627 931 674 veneno,

207 676 331 725 Incolumi
340 677 420 742 capite
429 678 471 725 cc?
484 677 554 739 Quid
563 679 646 728 enim?
654 695 737 745 neque
746 691 775 728 tu
785 681 835 730 hoc
844 681 905 730 facia

293 747 382 812 Argia,
650 807 652 812 Ι

207 818 261 866 Nec
270 817 350 880 ferro,
360 830 390 867 ut
400 817 501 866 demens
509 819 655 884 genitricem
665 821 756 869 occidit
767 824 876 872 Orestes.

207 888 250 936 An
259 899 288 937 tu
297 891 358 938 reric
367 907 426 938 enm
435 890 514 939 occisi
523 890 642 938 marmore
650 894 768 954 parente?

205 960 245 1006 Ac
253 975 307 1008 non
316 961 373 1010 ante
383 961 452 1008 maiia
462 961 601 1009 dementem
610 973 694 1009 actum
704 961 789 1024 furiis,
798 963 874 1028 quim

206 1032 237 1078 In
246 1032 332 1080 matria
339 1032 428 1098 jugulo
438 1031 532 1080 ferrum
543 1032 657 1097 tepefecit
667 1035 785 1082 acutum?

206 1102 291 1164 Quin,
300 1120 331 1151 ex
341 1120 394 1166 qno
404 1114 440 1151 cst
449 1103 549 1152 habitur
559 1102 621 1151 male
630 1113 691 1151 tutae
700 1105 790 1152 mentia
799 1107 916 1169 Orestes,

205 1172 249 1221 Nil
259 1174 316 1221 cane
325 1173 384 1222 fecit
393 1173 463 1239 quod
473 1185 502 1221 tu
511 1173 659 1238 reprendere
668 1176 761 1238 possis:

205 1243 266 1292 Nou
274 1244 384 1309 Pyladen
393 1245 460 1293 icero
468 1245 560 1293 violare
569 1260 675 1293 amuave
685 1261 798 1294 sororem

204 1314 337 1363 Electram:
347 1314 446 1364 tantiam
456 1315 579 1363 maledicit
588 1317 702 1380 utrique,
711 1316 825 1366 vocando

203 1385 274 1432 Hanc
280 1387 393 1446 Furiam,
402 1386 471 1434 hunc
478 1386 560 1446 eliud,
567 1385 641 1447 jussit
648 1387 717 1451 quod
724 1387 853 1451 splendida
860 1387 926 1438 bilia.

202 1455 301 1519 Pauper
310 1457 427 1520 Opimius
435 1457 531 1522 argenti
539 1458 616 1522 positi
624 1458 693 1505 intua
702 1467 729 1506 et
738 1459 805 1520 auri,

203 1526 256 1587 Qui
265 1528 433 1576 Veientanum
442 1527 511 1575 festia
520 1539 607 1592 potare
617 1528 705 1577 diebus

202 1597 327 1662 Campani
336 1600 426 1647 solitus
436 1598 523 1659 trudi,
532 1615 689 1664 vappamque
697 1599 827 1664 profestis,

202 1669 340 1730 Quondam
349 1670 461 1735 lethargo
471 1670 558 1734 grandi
567 1681 604 1718 est
614 1679 762 1734 oppressus,
770 1683 801 1720 ut
809 1671 889 1721 hoerea

201 1739 219 1786 J
219 1757 258 1788 am
268 1741 363 1789 circum
373 1741 468 1792 loculos
478 1752 503 1789 et
512 1741 591 1788 claves
599 1741 672 1788 laetus
681 1757 808 1806 ovansque

200 1811 331 1861 Currerct:
342 1813 411 1862 huuc
421 1812 532 1862 medicae
541 1810 650 1860 multum
659 1811 722 1859 ceier
731 1823 807 1875 atque
815 1810 897 1863 fidelia

199 1883 298 1932 Excitat
306 1883 356 1933 hoc
365 1895 451 1949 pacto:
462 1899 571 1932 mensam
581 1883 644 1947 poni
651 1881 736 1944 jubet,
745 1893 820 1946 atquc

200 1953 306 2002 Effundi
313 1971 397 2004 oaccos
406 1971 584 2014 nummorum
593 1953 706 2002 accedere
715 1954 802 2017 plures

198 2023 242 2070 Ad
248 2025 446 2074 numerandum-r
455 2026 584 2073 homiuem
591 2025 626 2072 sic
633 2025 714 2088 erigit·
726 2024 805 2072 Addit
812 2025 923 2075 etillud:

197 2093 232 2143 Ni
242 2106 286 2156 tua
295 2095 420 2156 custodis,
430 2095 518 2143 avidus
527 2095 578 2158 jam
587 2097 640 2144 haec
650 2094 746 2143 auferet
754 2093 841 2143 haercs.
850 2123 888 2134 -

197 2167 265 2214 Meu’
275 2166 351 2215 vivo?
363 2193 399 2202 —
411 2168 447 2214 Ut
455 2166 523 2215 vivae
532 2167 623 2231 igitur,
631 2165 718 2232 vigila:
727 2165 777 2214 hoc
788 2182 841 2232 age.
854 2192 891 2205 --

287 2237 358 2299 Quid
366 2237 421 2285 vis?
431 2263 468 2276 α-

196 2305 320 2358 Deficient
328 2309 431 2372 inopem
440 2323 509 2356 venae
519 2319 557 2368 tc,
566 2309 593 2356 ni
603 2309 674 2357 cibua
682 2319 758 2374 atquc

196 2382 287 2447 Ingena
296 2379 395 2429 accedat
403 2379 533 2428 stomacho
542 2379 637 2428 fultura
646 2381 739 2428 ruenti.

195 2453 236 2500 Tu
245 2454 340 2502 cessae?
349 2450 468 2518 agedum,
478 2467 548 2498 sume
557 2450 606 2498 hoc
615 2451 780 2515 prisonarium
789 2465 876 2515 oryaae.
884 2477 922 2488 —

195 2525 292 2588 Quanti
299 2525 405 2588 eruptae?
414 2549 450 2558 -
456 2523 544 2570 Parvo.
553 2549 589 2558 -
596 2522 693 2584 Quanti
700 2522 775 2586 crgo?
783 2547 819 2558 -—
828 2523 922 2570 Octna·

283 2594 361 2642 sibus.
371 2622 408 2636 -
416 2593 500 2640 Eiieu!

194 2662 266 2724 Quid
274 2663 350 2712 refert
360 2663 449 2712 morbo
459 2680 491 2710 an
500 2663 574 2711 furtis
582 2679 714 2728 pereamve
723 2662 833 2726 rapinis?
844 2689 880 2700 -··

183 2789 184 2792 Ἴ
193 2731 321 2796 Q'uiauam'
327 2735 405 2797 igitur
415 2735 506 2782 cauus?
516 2763 552 2772 -
562 2735 616 2796 Qui
624 2749 678 2782 nou
687 2733 789 2782 stultns.
798 2761 834 2770 —
846 2733 921 2795 Quid

192 2805 444 2929 Stultuiiiiiriinne.
453 2901 490 2913 -
499 2875 586 2940 Quint
595 2876 616 2924 ci
626 2875 684 2943 quia
692 2891 747 2926 non
755 2876 789 2926 ait
796 2890 902 2940 armna,
