2176 3540
168 333 219 385 aod
330 329 363 394 Q.
380 327 558 378 nomn
576 329 745 381 enecet

166 424 219 473 Nec
228 417 325 470 nntbm
334 420 438 467 Veneris
451 416 575 482 qnaatdm
584 417 694 467 studium
702 417 800 467 culinae.

166 495 207 544 Sic
217 493 263 541 tibi
271 491 394 554 Penelope
403 489 469 554 frugi
478 499 528 538 eet:
536 505 605 554 quie,
615 491 636 538 si
645 489 720 538 semei
729 505 783 538 uuo

166 567 205 613 De
214 579 271 611 sene
279 560 396 627 sustitit,
404 571 488 609 tecum
497 561 588 628 partita
596 559 729 621 lucellum,

167 637 203 684 Ut
211 635 290 693 eruis,
299 649 313 680 a
321 632 390 680 corio
400 647 539 696 numquam
548 631 726 680 absterrebitur
734 642 822 680 uncto.

166 707 208 754 Me
212 720 278 764 sene,
283 703 353 768 quod
358 702 447 764 dicam,
452 703 545 751 iactum
550 713 594 752 est:
599 703 671 751 Anus
675 703 791 768 improba
795 702 891 752 Thebi·

165 777 204 824 Ex
213 785 362 824 testamento
373 775 408 822 tio
416 784 455 822 eet
463 774 540 822 elate:
551 773 654 822 cadaver

165 849 278 896 Unctum
287 845 346 894 oleo
355 845 425 911 ltrgo
435 844 511 894 nudis
519 845 632 894 humeris
641 844 701 893 tulit
708 845 800 904 laterem

166 919 267 967 Scilicet
275 917 340 966 elabi
349 917 370 965 ei
378 927 464 982 posset
473 927 585 977 mortun,
594 914 683 977 eredo,

167 987 247 1050 Qudd
256 986 364 1036 nimidm
374 989 499 1036 institerat
507 987 610 1035 viventi.
625 988 721 1036 Ceutna
730 985 812 1034 edito:

166 1061 224 1110 Neu
235 1060 298 1108 desis
308 1075 389 1124 operae
395 1091 404 1119 ‚
410 1073 474 1107 neve
483 1057 662 1106 immoderatus
671 1057 791 1106 abundes.

166 1129 300 1180 Difficilem
310 1142 336 1178 et
345 1137 473 1178 morotum
482 1127 595 1177 oiieudet
604 1130 734 1193 garrulus:
741 1127 808 1176 uitri

166 1202 228 1250 Non
235 1203 308 1250 etiam
317 1201 396 1249 sileas.
410 1202 494 1248 Divus
504 1201 537 1248 aia
548 1199 672 1260 comicus,
683 1209 759 1265 atque

167 1275 223 1322 Stes
233 1274 312 1336 capite
321 1269 422 1336 obstipo
430 1304 439 1332 ‚
448 1269 558 1319 rnnltirm
567 1271 654 1318 similis
664 1269 796 1318 metuenti.

167 1343 299 1406 Obsequio
310 1355 429 1408 grmure:
439 1357 529 1402 mone,
535 1343 556 1389 si
565 1341 690 1390 increbuit
699 1356 772 1402 eura,

168 1415 263 1464 &utus
273 1413 311 1460 uti
320 1413 387 1464 velet
395 1427 480 1459 carum
489 1423 579 1478 eaput:
587 1412 689 1461 extrahe
701 1410 789 1473 iuthi,

167 1483 297 1547 oppositis
306 1482 431 1530 humeris:
445 1497 531 1531 aurem
541 1482 684 1548 substringe
692 1483 801 1548 loquaci.

166 1557 331 1617 Importunas
340 1564 405 1602 amat
412 1553 525 1602 laudari?
534 1553 628 1616 donee,
636 1555 704 1602 Obe!
714 1553 764 1617 jem

167 1624 209 1673 Ad
217 1625 309 1672 ooelum
318 1623 434 1673 mnibus
443 1625 560 1686 sublatis,
570 1625 674 1686 dixerit,
685 1639 757 1690 urge3
767 1635 792 1673 et

167 1697 325 1747 Crescentem
334 1695 505 1744 tumidisinfla
514 1696 672 1744 sermonibus
683 1706 773 1744 utrem.

167 1768 255 1830 Quum
266 1778 291 1816 te
300 1769 403 1817 servitio
410 1768 488 1833 longo
497 1766 607 1832 eurique
616 1767 704 1816 levirit
714 1784 721 1826 3

166 1840 198 1887 Et
207 1836 303 1887 certdm
311 1835 429 1904 vigilam,
440 1840 543 1901 Quartae
552 1847 605 1886 esto
615 1839 694 1903 partis
702 1838 812 1902 Uimi,

168 1908 739 1974 Audieria‚bteres:ffigouuncDamaaodelis
845 1927 854 1932 ·
883 1943 886 1952 .

166 1982 298 2044 Nusquam
308 1983 357 2029 est!
367 1981 436 2030 aude
443 1980 506 2040 mibi
513 1990 563 2028 tam
570 1979 662 2028 fortem
669 1988 770 2044 nmque
777 1976 891 2028 fidelem?

166 2029 387 2116 Spargebubinde:
395 2063 433 2112 et,
440 2053 460 2100 si
467 2053 571 2116 paulum
577 2061 663 2116 potes,
672 2051 833 2115 iilaerymare.
843 2051 890 2100 Eat

168 2120 267 2170 Gaudia·
273 2121 420 2184 prodentem
430 2123 532 2170 vultum
543 2124 631 2171 celare.
646 2121 806 2188 Sepulcrum,

167 2191 318 2241 Permissum
327 2191 443 2252 arbitrio,
453 2193 506 2241 sine
515 2192 632 2242 sordibus
642 2203 743 2242 extrue:
753 2192 831 2240 ianus

69 2265 75 2278 ι
166 2261 266 2327 Egregie
275 2260 368 2310 tactum
376 2263 461 2312 nude
473 2265 573 2314 vicinis.
586 2265 611 2314 Si
620 2265 677 2329 t1¹²i⁸

167 2333 240 2382 Forte
249 2333 407 2385 coheredum
418 2337 501 2384 senior
510 2335 574 2384 male
583 2337 672 2384 tussiet
679 2367 687 2396 ,
694 2334 754 2383 hnic
764 2341 793 2383 tu

167 2406 227 2467 Dic,
236 2423 268 2455 ex
277 2417 347 2471 perte
357 2405 413 2468 tui,
422 2423 466 2456 eeu
476 2407 551 2456 fundi
559 2408 610 2456 eive
620 2406 711 2455 domin
719 2407 751 2454 ait

166 2477 284 2543 iimmot,
295 2478 442 2544 gaudentem
452 2494 558 2527 nummo
567 2489 593 2527 te
600 2477 720 2526 addicere.
732 2474 781 2526 Sed
790 2491 830 2525 me

166 2549 303 2615 imperiosa
313 2550 389 2600 trahit
398 2551 558 2616 Proserpina:
567 2550 638 2612 vite,
648 2549 760 2614 valeque.
