2176 3540
300 321 600 370 rursu-oLARUM
620 323 693 370 LIB.
715 324 735 368 1.
826 331 871 376 πμ

168 501 863 521 mmmmm

304 615 587 681 EPISTOLA
616 616 729 684 XVI.

276 781 279 788 ·
352 760 405 808 sn
428 761 682 821 Qurucniuu.

160 865 203 951 N
204 917 218 948 r
226 903 380 966 perconteris
389 901 483 949 fundus
493 919 575 961 mens,
586 901 680 964 optimc
690 903 808 966 Quincti,

161 973 229 1020 Arvo
238 983 322 1034 pascat
331 972 434 1031 herum,
446 988 478 1019 an
487 972 567 1019 baccis
579 973 708 1036 opulentet
719 975 802 1034 olivae,

159 1043 289 1100 Pomisne,
296 1058 328 1088 au
336 1044 426 1106 pratia,
435 1058 466 1089 sn
475 1042 562 1090 amicti
572 1041 666 1089 vitibus
675 1043 758 1103 ulmo3

160 1113 289 1161 scribetur
298 1111 343 1159 tihi
354 1112 433 1160 forma
441 1113 579 1174 loquaciter
587 1122 612 1158 et
624 1113 685 1158 situs
695 1114 753 1176 agri.

160 1182 281 1230 Continui
290 1193 400 1241 montes,
410 1183 457 1230 nisi
469 1182 634 1229 dissocientur
644 1182 719 1244 opaci

159 1252 243 1307 Valle3
252 1252 296 1298 sed
307 1263 335 1299 ut
343 1253 445 1299 veniens
455 1252 571 1298 dextrum
581 1252 645 1298 latus
655 1253 754 1315 aspiciat
764 1253 814 1312 sol,

160 1323 261 1370 Laevnm
271 1321 391 1369 decedens
400 1337 477 1369 curru
486 1321 595 1385 iugientc
604 1332 714 1384 vaporet.
796 1373 799 1380 ,

161 1393 315 1455 Temperiem
324 1391 416 1439 laudes.
429 1391 512 1453 Quid,
525 1393 545 1438 si
554 1391 692 1439 rubicunda
702 1392 806 1458 benigni

161 1462 243 1511 Corna
250 1477 336 1526 vepres
346 1472 370 1508 et
379 1477 460 1524 pruna
470 1462 570 1510 ierunt?
582 1463 602 1509 si
612 1479 717 1526 quercus
727 1475 753 1511 et
761 1466 810 1512 ilex
893 1489 894 1492 ¹

160 1531 242 1580 Multi
252 1531 324 1594 fruge
333 1547 423 1595 pecus,
432 1532 510 1579 multi
520 1533 649 1580 dominum
656 1535 729 1597 juvat
739 1535 842 1582 umbri?

161 1603 234 1650 Dices
245 1601 381 1648 adductum
390 1601 495 1665 propius
504 1602 619 1650 frondere
628 1599 771 1650 Tarentumj

102 1685 106 1693 ’
159 1675 226 1720 Fons
235 1673 309 1719 etiam
318 1673 373 1719 rivo
383 1672 440 1718 darc
449 1688 541 1719 nomen
550 1672 671 1730 idoneus,
681 1684 709 1719 ut
718 1690 764 1720 nec

160 1743 281 1806 Frigidior
291 1742 411 1789 Thracum
419 1757 463 1788 nec
472 1743 560 1806 purior
569 1741 660 1788 ambiat
668 1741 779 1800 Hebrus,
789 1756 793 1762 ·

160 1811 264 1860 Infirmo
274 1814 349 1876 capiti
357 1811 414 1860 fluit
422 1813 505 1871 utilis,
515 1812 583 1859 utilis
593 1811 657 1858 alvo.

161 1884 206 1930 11ae
213 1878 312 1931 latebrae
323 1883 420 1943 dulces,
429 1893 453 1928 et
461 1883 527 1945 jam,
536 1883 557 1928 si
566 1881 657 1939 credis,
666 1895 780 1938 amoenae,

162 1954 318 2001 Incolumem
329 1953 374 2000 tibi
382 1969 422 1999 mc
431 1963 548 2015 praestant
557 1949 740 2014 septembribus
748 1949 824 1998 horis.

162 2024 202 2072 Tu
212 2024 276 2070 recte
285 2024 361 2084 vivis,
370 2023 391 2070 si
401 2039 471 2070 curas
482 2021 611 2084 essequod
622 2020 705 2068 audis:

161 2095 289 2141 iactamus
296 2093 443 2157 jampridem
453 2093 534 2140 omnis
544 2103 569 2139 te
579 2095 660 2140 Roma
668 2092 779 2139 beatum.

162 2165 211 2213 Sed
220 2181 307 2212 vercor
315 2181 347 2211 ne
356 2165 398 2211 cui
409 2163 439 2210 de
451 2173 474 2210 te
482 2165 540 2227 pius
550 2162 624 2226 quim
635 2162 680 2210 tibi
690 2162 787 2222 credas3
806 2221 807 2225 Ἰ

161 2237 230 2284 Neve
239 2245 313 2298 putes
322 2235 398 2282 alium
409 2235 517 2298 sapiente
525 2233 644 2298 bonoque
653 2233 767 2294 beatnm3

161 2307 232 2364 Neu,
243 2307 264 2352 si
274 2315 299 2352 tc
307 2306 419 2369 populus
429 2320 515 2350 sunum
525 2305 640 2367 rectique
650 2304 773 2351 valentem

161 2376 278 2434 victitet,
287 2375 410 2422 occultam
420 2374 513 2422 febrem
523 2373 569 2422 sub
579 2385 678 2437 tempus
687 2372 776 2418 edendi

161 2446 320 2505 Dffiimules,
331 2445 410 2492 donec
420 2444 534 2492 manibus
542 2454 637 2490 tremor
646 2441 738 2488 incidat
748 2443 837 2489 unctis.

162 2516 304 2563 Stultorum
314 2516 425 2562 incurata
434 2514 518 2578 pudor
528 2513 607 2560 malus
616 2513 698 2558 ulcera
707 2510 776 2556 colat.

162 2585 188 2633 Si
198 2586 253 2649 quis
262 2585 326 2632 bella
336 2585 382 2632 tibi
391 2585 454 2632 terri
463 2593 572 2648 pugnata
582 2583 692 2643 marique

162 2656 246 2714 Dicat,
255 2667 279 2702 et
289 2655 328 2702 bis
337 2655 419 2702 verbis
428 2669 516 2700 vacuas
526 2651 676 2716 permulceat
686 2667 770 2713 aures,

161 2747 171 2768 ι
181 2727 249 2772 'l'ene
259 2726 334 2789 magis
344 2726 440 2772 salvum
448 2724 559 2787 populus
569 2722 641 2782 velit,
650 2737 681 2768 an
691 2723 814 2786 populum
825 2735 867 2786 tu,

161 2816 171 2836 ι
184 2796 270 2843 Servet
279 2797 306 2842 iu
315 2796 444 2858 ambiguo,
453 2793 497 2856 qui
509 2793 618 2840 consulit
627 2804 651 2840 et
661 2793 706 2840 tibi
716 2805 738 2840 et
750 2795 820 2856 urbi,

162 2885 172 2906 ι
182 2866 198 2912 J
200 2867 301 2932 uppiter
310 2883 333 2927 »3
346 2864 456 2930 Augusti
462 2862 546 2914 laudes
556 2877 686 2928 agnoscere
694 2865 782 2930 possis.

744 2949 773 2981 nt
