2176 3540
350 282 599 333 siriesnoM
616 287 688 333 me.
707 285 743 334 11.
855 284 903 344 1⁸9

189 368 242 418 Cur
250 382 307 434 eget
315 372 433 436 indignus
442 373 586 435 quisquam,
597 383 621 419 te
631 373 720 420 divite?
734 373 816 433 Quare

188 441 292 504 Templa
301 453 381 490 ruunt
390 443 491 504 antiqua
500 442 596 490 Dedm?
609 444 672 502 Cur,
681 443 807 506 improbe,
816 456 876 487 carae

188 511 249 558 Non
258 511 351 573 aliquid
361 512 445 574 patriae
455 522 525 558 tanto
535 513 641 558 emetiris
651 509 752 559 aceivoi¹

189 581 241 626 Uni
250 581 370 628 nimirum
379 582 424 628 tibi
435 581 500 628 recti
509 593 608 644 semper·
615 594 687 630 erunt
696 583 750 629 res?

190 651 213 696 Ο
224 659 328 713 magnus
339 651 442 713 posthac
452 651 557 697 inimicis
567 652 641 698 risus!
656 655 747 698 Uteme

191 719 232 764 Ad
240 735 310 768 casus
321 720 410 767 dubios
420 719 480 768 fidet
489 721 536 768 sibi
545 719 635 768 certius
642 737 650 778 ;
658 720 699 766 hic
709 722 753 782 qui

190 788 308 836 Pluribus
318 791 421 837 assuerit
430 801 538 841 mentem
548 805 689 852 corpusque
698 789 846 852 superhum3

190 859 233 904 An
243 859 301 920 qui,
311 870 443 908 contentus
452 877 530 924 perro
540 871 703 920 metuensque
712 859 803 918 futuri,

177 943 179 946 ·
192 929 223 974 In
231 944 305 991 pace,
315 939 344 976 ut
353 931 448 992 sapiens
453 928 562 998 qaptirit
570 929 658 975 idonea
667 927 748 975 bello?
756 955 792 964 -

192 997 252 1057 Qud
260 999 335 1062 magis
342 999 381 1046 his
389 999 484 1057 credas3
493 1016 556 1062 puer
564 999 633 1045 hunc
641 1015 686 1062 ego
695 1013 785 1062 parvus
795 996 903 1044 Ofellum

191 1068 294 1130 Integris
304 1068 394 1131 opibus
403 1069 463 1116 novi
472 1084 525 1116 non
534 1067 607 1115 latius
617 1084 704 1127 nsum,

192 1135 276 1196 Qudm
286 1153 353 1186 nunc
363 1139 453 1187 accisis.
466 1139 554 1185 Videas
564 1149 655 1185 metato
665 1138 692 1184 in
701 1137 777 1200 agello

192 1207 256 1254 Cum
264 1221 353 1270 pecore
365 1219 389 1256 et
398 1209 477 1272 gnatis
485 1207 577 1255 fortem
588 1207 699 1254 mercede
708 1207 838 1265 colonum,
848 1231 883 1244 -··

191 1275 251 1322 Non
260 1293 318 1340 ego,
328 1289 480 1338 narrantem,
491 1277 581 1325 temere
591 1277 630 1324 edi
639 1277 693 1324 luce
703 1275 812 1341 profesti

193 1345 351 1408 Quidquam,
361 1358 448 1410 praeter
458 1348 525 1407 olus,
534 1347 637 1396 fumosae
646 1364 704 1395 cnm
714 1347 776 1410 pede
784 1359 874 1410 pemoe.

191 1417 229 1462 Ac
239 1417 300 1463 mihi
309 1433 353 1464 sen
362 1417 464 1481 longum
473 1429 531 1480 post
540 1429 638 1481 tempus
648 1428 746 1466 venerat
755 1417 858 1480 hospes,

193 1485 249 1532 Sive
259 1504 364 1550 opernm
373 1503 452 1534 vacuo
462 1499 544 1551 gratus
554 1489 657 1535 conviva
666 1505 711 1551 per
719 1487 824 1534 imbrem

192 1556 307 1617 Vicinus,
316 1557 379 1604 bene
388 1568 452 1616 erat,
461 1573 514 1604 non
523 1557 631 1620 piscibus
640 1558 701 1605 urbe
711 1558 807 1620 petitis,

192 1625 240 1672 Sed
250 1627 319 1688 pullo
330 1637 403 1690 atque
412 1627 500 1674 hoedo:
511 1639 566 1674 tum
574 1628 674 1691 pensilis
683 1643 731 1674 uva
741 1624 859 1673 secundas

135 1732 137 1736 ,
191 1695 222 1741 Et
231 1712 285 1742 nux
294 1696 397 1744 ornabat
406 1713 501 1744 mensas
510 1713 568 1744 cum
577 1697 675 1759 duplice
685 1694 747 1742 ficu:

191 1766 251 1812 Post
260 1766 308 1813 hoc
318 1766 392 1814 ludus
402 1778 452 1814 eret
461 1765 637 1830 cuppi'potare
647 1763 774 1827 magistri;

193 1834 230 1880 Ac
239 1847 353 1882 venerata
362 1837 447 1896 Ocres,
455 1837 489 1882 ita
499 1835 582 1881 culmo
591 1845 701 1898 surgeret
709 1833 773 1892 alto,
840 1853 844 1868 ¹

192 1904 317 1967 Explicuit
324 1906 384 1952 vino
394 1916 524 1952 connectas
534 1904 595 1950 seria
603 1903 700 1951 frontis.
715 1898 717 1904 ’

193 1974 282 2022 Saeviet
290 1985 364 2037 atque
373 1989 452 2022 novos
462 1984 560 2022 moveat
569 1973 670 2020 fortuna
681 1972 816 2031 tumultus,

194 2041 325 2104 Quantum
334 2043 393 2090 hinc
402 2044 551 2092 imminuet?
562 2043 656 2107 quanto
665 2053 708 2090 ant
717 2059 762 2107 ego
771 2037 882 2106 parcius,

282 2124 390 2172 suevos,

194 2183 217 2229 0
226 2184 311 2245 pueri,
320 2183 443 2242 nituisse,
452 2194 481 2230 nt
490 2183 540 2230 hnc
550 2198 631 2231 novus
642 2183 722 2230 incola
732 2182 816 2230 venit?

194 2253 259 2302 Nam
265 2253 375 2320 propria·
384 2253 477 2302 telluris
486 2253 576 2300 herum
584 2263 672 2300 natura
681 2269 762 2316 neque
772 2253 856 2309 illum,

193 2324 246 2371 Nec
256 2337 308 2382 me,
318 2339 363 2369 nee
372 2339 522 2385 quemquam
532 2324 629 2370 statuit:
640 2338 687 2369 nos
697 2321 793 2384 expulit
801 2321 854 2376 ille;

195 2392 268 2442 Illum
277 2403 320 2439 ant
330 2393 453 2454 nequities
462 2403 505 2440 sut
514 2391 577 2438 vafri
585 2391 681 2438 inscitia
690 2390 766 2450 juris,

195 2463 324 2510 Postremo
334 2461 439 2524 expellet
448 2463 512 2510 certe
521 2460 630 2508 vivacior
639 2459 723 2505 haeres.

194 2531 270 2578 Nune
279 2548 335 2596 ager
344 2531 464 2579 Umbreni
473 2532 519 2578 sub
529 2529 644 2586 nomine,
653 2543 734 2590 nuper
743 2524 817 2574 Ofelli

195 2602 298 2661 Dictus,
307 2602 354 2649 erit
362 2601 426 2648 nulli
435 2602 564 2664 proprius3
574 2598 617 2646 sed
626 2596 690 2644 cedit
699 2597 726 2644 in
736 2612 810 2644 usum

195 2671 269 2718 Nunc
279 2672 355 2730 mihi,
364 2686 432 2718 nunc
441 2671 493 2718 alii:
504 2670 620 2734 quocirca
629 2667 704 2715 vivite
714 2665 802 2729 fortes,

195 2741 326 2804 Fortiaque
335 2740 443 2790 adversis
453 2742 572 2804 opponite
582 2733 681 2810 pectora
690 2737 771 2786 rebus.
