2176 3540
295 289 598 340 ιιιιιοιιιιιιι
617 279 694 342 tin:
711 296 731 342 1.
821 313 870 358 ιη

159 375 208 433 Tu,
217 385 313 438 quotus
324 391 375 423 esse
385 377 458 436 velis,
466 361 572 426 rescribe
574 396 581 438 3
592 391 628 440 et,
639 372 712 429 rebus
722 383 831 443 omissis,

159 445 227 492 Atria
236 458 376 494 servantem
386 449 483 510 postico
493 447 546 495 falle
555 449 677 498 clientem.

167 606 861 635 mmmmmsst

224 723 227 728 ’
327 720 608 787 EPISTOLA
635 724 706 790 VI.

368 866 666 944 ιιιιιιιιιιιιιιι.

161 968 235 1068 Neu
244 1005 356 1053 admirari
367 1006 445 1069 propi
455 1023 492 1054 res
502 1017 538 1054 est
547 1023 609 1067 una,
618 1009 731 1070 Numici,

146 1132 148 1137 y
163 1077 281 1140 Solaque,
291 1093 346 1139 quae
353 1077 433 1140 possit
441 1075 519 1123 iacere
529 1087 553 1123 et
563 1093 657 1124 servare
666 1079 775 1128 beatum.

163 1148 236 1194 Hunc
246 1147 323 1195 solem
331 1157 356 1193 et
365 1145 444 1192 stellas
453 1157 477 1193 et
486 1147 626 1206 decedentia
635 1149 707 1195 certis

164 1218 286 1281 Tempora
295 1217 427 1263 momentis
436 1227 495 1264 sunt
503 1217 548 1279 qui
556 1215 687 1265 formidine
695 1219 763 1267 nulli

164 1287 259 1334 Imbuti
268 1296 390 1350 spectent:
400 1286 462 1349 quid
471 1301 554 1332 censes
564 1301 666 1334 munera
676 1291 761 1336 terrae?
775 1318 780 1327 ·

165 1355 235 1418 Quid
243 1357 316 1404 maris
325 1367 448 1403 extremos
457 1355 549 1403 Arabas
558 1355 658 1405 ditantis
668 1370 692 1405 et
699 1358 796 1408 Indosi‘

164 1427 268 1476 Ludicra
277 1427 350 1490 quid,
360 1426 474 1490 plausus,
483 1437 508 1473 et
517 1427 588 1474 amici
597 1428 662 1476 dona
671 1429 791 1490 Quiritis?

165 1497 225 1559 Quo
234 1495 364 1560 spectanda
373 1496 462 1556 modo,
471 1513 522 1558 quo
532 1513 604 1544 sensu
614 1499 691 1546 credis
701 1511 725 1547 et
734 1502 791 1548 ore?

166 1569 219 1629 Qui
227 1569 298 1614 timet
307 1567 345 1629 his
354 1566 466 1625 adversa,
475 1566 524 1613 fere
534 1567 637 1615 miratur
645 1569 744 1629 eodem,

166 1638 226 1698 Quo
236 1637 351 1700 cupiens,
359 1647 443 1699 pacto:
453 1652 530 1698 pavor
539 1647 576 1683 est
584 1637 718 1700 utrobique
727 1639 857 1685 molestus:

164 1709 303 1771 Improvisa
312 1706 386 1753 simul
394 1707 485 1768 species
494 1716 599 1752 exterret
608 1716 751 1769 utrumque.

166 1777 290 1836 Gaudeat,
299 1793 331 1822 an
340 1776 431 1833 doleat3
442 1776 537 1839 cupiat,
548 1785 685 1833 metuatne;
697 1775 758 1838 quid
766 1775 797 1822 ad
806 1791 870 1835 rem,

166 1848 205 1907 Si,
215 1846 338 1909 quidquid
345 1845 408 1892 vidit
417 1846 503 1892 melius
512 1844 614 1907 peiusve
623 1843 666 1890 suti
676 1861 732 1906 spe,

166 1915 261 1966 Defixis
271 1916 347 1963 oculis
356 1917 488 1977 animoque
498 1924 522 1960 et
530 1929 634 1976 corpore
644 1913 740 1976 torpet?

166 1987 249 2034 Insani
258 1986 353 2048 sapiens
362 1983 537 2042 remensem,
547 1998 632 2046 aequus
642 1983 735 2046 iniqui,

166 2051 237 2104 Ultri
247 2055 321 2118 quim
330 2056 387 2102 satis
396 2066 432 2101 est
442 2054 559 2100 virtutem
568 2053 588 2100 si
598 2063 665 2116 petat
673 2054 759 2118 ipsam.

167 2129 180 2174 1
188 2142 270 2184 nuuc,
279 2135 419 2188 argentum,
429 2134 452 2170 et
460 2134 656 2183 marmenem,
664 2141 773 2188 aeraque,
782 2135 807 2172 et
813 2135 876 2174 artes

168 2195 282 2258 Suspice;
292 2211 350 2242 cum
359 2194 460 2258 gemmis
468 2193 556 2256 Tyrios
565 2195 651 2240 mirare
659 2195 764 2242 colores:

169 2265 255 2313 Gaude
264 2265 333 2328 quod
342 2274 453 2327 spectant
463 2263 529 2310 oculi
537 2273 561 2309 te
571 2263 636 2310 mille
644 2263 800 2326 loquentem:

169 2334 271 2382 Gnarus
280 2335 350 2381 mane
360 2333 444 2381 forum
454 2343 479 2380 et
487 2335 641 2394 vespertinus
649 2344 705 2395 pete
715 2343 822 2378 tectum:

168 2406 208 2454 Ne
217 2405 274 2468 plus
283 2404 400 2450 frumenti
410 2402 531 2451 dotalibus
542 2411 631 2448 emetat
640 2405 702 2463 agris

168 2475 270 2521 Mutus‘
263 2485 317 2532 ‚et‚
326 2473 471 2556 iudignum,
481 2469 551 2533 quod
561 2470 592 2516 sit
602 2469 728 2531 pejoribus
737 2477 822 2526 ortus,

169 2545 216 2592 Hic
225 2543 297 2590 tibi
279 2555 311 2590 ιιι
321 2541 405 2605 potiias
415 2541 489 2606 qudm
499 2551 528 2587 tu
538 2538 653 2585 mirabilis
662 2536 705 2583 itti.

171 2613 303 2676 Quidquid
311 2612 358 2660 sub
367 2613 431 2659 terra
440 2622 491 2670 est,
500 2610 527 2656 iu
537 2609 647 2672 apricum
657 2601 843 2672 proferemus,

170 2683 285 2731 Defodiet
293 2683 433 2744 condetque
444 2680 554 2727 nitentia
569 2680 656 2740 Quum
667 2677 728 2725 bene
737 2689 827 2728 notum

170 2754 283 2801 Porticus
293 2751 415 2816 Agrippae
417 2761 442 2797 et
450 2751 488 2795 via
499 2759 522 2795 te
531 2749 687 2814 conspexerit
695 2748 775 2812 Appi,
847 2774 861 2786 —.

168 2825 205 2872 Ire
215 2834 298 2873 tameu
307 2831 381 2869 restet
390 2821 472 2868 Numa
481 2819 534 2882 qud
543 2819 642 2867 devenit
650 2829 675 2866 et
684 2819 779 2865 Ancus.
