2180 3518
338 281 583 329 SATIRARUM
600 283 671 329 LIB.
691 285 710 330 1.
833 286 877 331 161

23 395 24 448 ξ
125 413 130 420 ,
159 374 257 433 Quum
266 381 371 418 ventum
381 370 412 416 ad
421 385 508 417 verum
517 379 564 416 est:
578 385 663 418 tensus
672 385 802 434 moresque
811 387 883 435 repu-

164 451 431 573 Atquelffi'titius,
440 509 501 571 justi
509 525 586 574 prope
597 521 673 558 mater
682 522 707 558 et
716 511 788 574 aequi

165 584 258 642 Quum
269 591 446 643 prorepserunt
455 581 541 643 primis
550 582 661 632 animalia
671 583 754 640 terris,
837 639 840 646 1
903 623 904 626 ,

163 653 273 698 Mutum
278 650 592 714 ettmpepeeus‚glandem
596 662 670 714 atque
674 644 765 698 cubilia
769 663 882 716 propter,

164 719 302 783 Unguibus
311 730 336 766 et
343 721 448 783 pugnis,
458 720 516 766 dein
525 720 646 778 fustibus,
654 731 729 784 atque
737 722 771 768 ita
780 725 857 786 porri)

165 789 316 853 Pugnabant
324 790 396 836 armis
406 805 461 853 qnae
469 792 527 852 post
536 789 693 836 fabricaverat
704 807 776 850 uans3

167 862 258 906 Donec
267 859 352 920 verba,
362 859 455 924 quibus
463 875 537 907 voees
545 875 681 922 sensusque
690 871 818 922 notarent,

165 929 327 992 Nominaque
336 931 463 978 invenere:
473 930 569 976 Dehine
579 929 694 976 absistere
704 929 783 991 bello,
798 937 799 940 ’

165 999 268 1064 Oppida
278 1010 408 1062 eoeperunt-
416 1000 526 1058 munire,
534 1011 559 1046 et
568 1015 661 1062 ponere
670 999 748 1062 leges,
765 1035 768 1042 .

164 1071 207 1118 Ne
217 1069 273 1132 quis
282 1069 323 1115 fur
331 1080 405 1128 esset,
415 1085 465 1116 neu
473 1070 551 1128 latro,
559 1085 609 1116 neu
619 1069 675 1132 quis
684 1069 788 1117 adulter.

136 1163 140 1172 ¹
164 1140 234 1188 Nam
242 1138 291 1185 luit
299 1150 356 1187 ante
364 1140 482 1186 Helenam
491 1155 590 1186 cunnus
599 1139 721 1185 teterrima
730 1139 788 1188 belli
822 1134 827 1145 ’

165 1212 261 1259 Causa:
271 1208 313 1256 sed
321 1209 411 1272 ignotis
420 1210 548 1272 perierunt
556 1207 679 1256 mortibus
688 1209 737 1269 illi,

167 1281 244 1340 Quos
252 1281 372 1326 Venerem
377 1281 501 1326 incertam
509 1280 643 1343 rapientes,
653 1295 723 1326 more
731 1279 850 1340 ferarum,

166 1349 274 1397 Viribus
282 1349 370 1396 editlor
379 1349 499 1409 cudebat,
509 1350 573 1396 utin
582 1364 653 1413 grege
663 1360 756 1398 taurus.

168 1423 187 1468 J
188 1435 234 1466 ura
242 1419 342 1466 inventa
351 1429 420 1466 metu
429 1417 517 1480 injusti
524 1418 613 1468 fateare
621 1437 718 1469 necesse
728 1432 777 1481 est,

168 1491 295 1552 Tempora
304 1489 324 1534 si
334 1488 458 1552 fastosque
467 1489 526 1536 velis
536 1490 648 1537 evolvere
658 1491 754 1538 muudi.

168 1560 225 1608 Nec
231 1571 319 1606 natura
328 1569 410 1622 potest
418 1559 486 1620 justo
496 1575 619 1606 secernere
628 1561 757 1625 iniquum,

169 1629 269 1677 Dividit
277 1641 307 1676 ut
314 1629 379 1676 bona
389 1628 502 1692 diversis,
512 1629 628 1692 fugienda
636 1629 757 1692 petendis.

169 1700 225 1747 Nec
233 1699 315 1746 vincet
323 1700 386 1746 ratio
394 1698 456 1758 hoe,
467 1698 621 1746 tantumdem
629 1709 659 1744 ut
668 1709 752 1761 peeeet
761 1697 883 1760 idemque*

170 1771 226 1830 Qui
237 1779 334 1816 teneros
342 1769 423 1816 caules
431 1769 504 1816 alieni
512 1768 612 1830 fregerit
621 1768 702 1826 horti,

168 1841 203 1888 Et
213 1840 256 1902 qni
264 1850 402 1887 nocturnus
412 1837 505 1886 Divism
514 1853 580 1886 sacra
588 1837 682 1899 legerit.
696 1836 769 1884 Adsit

152 1959 154 1962 ,
170 1912 267 1974 Regula
275 1910 381 1972 peccans
390 1923 445 1971 qnae
454 1923 537 1972 paenas
546 1909 639 1969 irroget
648 1921 741 1969 aequas,

170 1981 212 2028 Ne
221 1977 312 2027 sentiei
321 1979 423 2043 dignum
432 1979 547 2026 horribili
556 1988 646 2025 sectere
655 1976 758 2042 flagello.

170 2051 250 2109 Nam,
260 2059 289 2096 ut
298 2048 376 2096 lernli
385 2049 587 2096 oaedasmeritum
596 2047 689 2110 majora
699 2048 782 2095 subire

172 2120 294 2178 Verbera,
302 2135 356 2166 non
364 2134 463 2176 rereor;
473 2134 551 2182 quum
561 2117 625 2166 dicat
635 2135 685 2166 esse
694 2135 767 2182 pares
776 2134 814 2166 res

171 2195 248 2238 Furta
255 2189 401 2248 latrociniis,
411 2200 436 2235 et
445 2189 538 2252 magnis
547 2205 621 2252 parva
631 2191 730 2236 mineris

143 2287 149 2295 ·
171 2260 241 2307 Falce
250 2261 384 2306 recisurum
396 2259 469 2306 simili
477 2271 514 2318 te,
523 2260 543 2306 si
553 2258 599 2305 tibi
607 2275 710 2322 regnum

172 2331 319 2378 Permittant
327 2329 448 2377 homines.
463 2330 489 2389 Si
498 2329 578 2388 dives,
588 2329 632 2393 qui
641 2330 737 2392 sapiens
747 2338 796 2386 eat,

171 2401 203 2447 Et
211 2411 282 2446 sutor
290 2399 373 2447 bonus
382 2411 407 2446 et
418 2399 485 2447 solus
494 2398 617 2446 formosus
627 2409 652 2444 et
660 2409 697 2443 est
706 2413 762 2453 rex;

174 2471 225 2517 Cur
230 2479 300 2533 optas
305 2467 572 2533 qnodbahesP-Non
576 2467 642 2514 ubsti
646 2464 708 2529 qnid
712 2475 789 2527 pater,
794 2465 885 2528 inquit,

173 2540 327 2604 Chrysippus
337 2539 413 2587 disat:
424 2541 519 2603 sapiens
528 2536 639 2599 crepidas
649 2535 696 2581 sibi
706 2549 844 2599 numquam

172 2611 226 2657 Nec
235 2611 312 2657 soleas
322 2610 392 2668 lecit3
401 2621 472 2657 sutor
482 2621 563 2656 tamen
572 2616 609 2653 est
618 2606 720 2669 sapiens.
727 2633 762 2642 -
770 2607 844 2668 Quo?
852 2633 888 2644 -

172 2681 223 2737 Ut,
233 2681 348 2742 quamvis
356 2691 420 2728 treet
428 2682 608 2742 Hermogenes,
617 2687 702 2724 cantor
711 2687 794 2726 tamen
802 2689 876 2741 atque

172 2751 294 2812 Optimus
304 2761 342 2798 est
351 2750 506 2807 modulator3
515 2760 544 2796 ut
553 2747 659 2796 Alfenus
668 2747 748 2808 vafer,
757 2750 826 2796 omni

745 2827 784 2874 14.
