2180 3518
147 326 194 374 1⁴2
306 319 531 383 Q2110uAT11
550 320 697 387 uincor

214 405 294 455 Padus
304 410 398 456 Matina
407 411 493 457 laverit
503 409 642 466 cacumina3

180 478 209 523 In
219 493 284 524 mare
293 496 336 526 seu
346 481 424 526 celsus
434 480 586 542 procurrerit
595 478 758 544 Apenninum

215 547 335 612 Novaique
344 561 453 596 monstra
462 549 572 611 junxerit
581 548 684 595 libidine

179 617 259 664 Mirus
268 635 349 679 amor,
359 618 429 680 juvet
439 631 467 667 ut
477 620 551 682 tigres
560 618 687 665 subsidere
696 617 788 676 cervis,

214 687 377 737 Adulteretur
386 701 410 736 et
419 690 534 736 columba
544 689 636 749 miluo,

180 755 285 805 Credula
295 775 340 806 uec
350 775 423 806 ravos
434 761 536 806 timeant
545 769 655 805 armenta
664 758 760 816 leones,

214 827 338 892 Ametque
348 831 408 876 salsa
416 830 477 876 levis
485 829 570 876 hircus
579 843 685 890 aequora.

180 897 249 956 Haec,
259 910 283 945 et
293 917 348 962 quae
357 909 477 963 poterunt
486 898 578 946 reditus
589 897 730 945 abscindere
740 895 836 956 dulces,

215 968 304 1016 Eamus
313 971 394 1017 omnis
404 980 525 1016 exsecrata
534 969 632 1026 civitas,

180 1036 234 1084 Aut
243 1055 299 1100 pars
307 1040 409 1088 indocili
418 1040 504 1087 melior
513 1055 595 1102 grege.
590 1038 688 1086 .mollis
697 1047 722 1083 et
731 1051 817 1099 exspes

216 1110 353 1158 Inominata
362 1111 496 1174 perprimat
504 1109 602 1156 cubilia.

181 1179 246 1238 Vos,
256 1179 348 1242 quibus
357 1192 394 1228 est
403 1182 495 1238 virtus,
504 1178 651 1226 muliebrem
661 1177 740 1225 tollite
749 1177 859 1235 luctum,

216 1248 317 1312 Etrusca
326 1262 414 1313 praeter
423 1261 447 1298 et
456 1251 537 1298 volate
545 1249 637 1296 littora.

181 1317 234 1366 Nos
243 1331 327 1384 manet
336 1321 448 1368 Oceanus
458 1321 551 1367 circum
560 1333 636 1381 vagus
645 1333 713 1364 arva:
724 1316 793 1363 beata

216 1389 330 1436 Petamus
338 1406 407 1449 ma,
417 1390 505 1437 divites
515 1400 540 1435 et
548 1389 654 1454 insulas,

181 1457 273 1504 Reddit
282 1459 325 1505 ubi
335 1461 447 1508 Cererem
456 1460 530 1506 tellus
539 1460 631 1506 inarata
640 1456 787 1521 quotannis,

215 1527 247 1572 Et
255 1529 376 1591 imputata
386 1529 458 1576 lloret
466 1545 546 1592 nsque
555 1529 639 1587 vinea,

182 1595 308 1645 Germinat
317 1610 342 1646 et
349 1616 487 1663 numquam
497 1598 604 1646 fallentis
614 1610 701 1646 termes
711 1597 795 1654 olive,

216 1669 341 1732 suamque
349 1671 417 1733 pulla
427 1667 489 1717 ficus
499 1679 571 1716 ornat
580 1668 705 1726 arborem,

180 1737 255 1786 Mella
264 1739 322 1788 cavi
331 1751 431 1788 manant
439 1757 471 1788 ex
478 1740 547 1799 ilice,
559 1736 687 1787 montibus
696 1735 751 1785 altis

215 1811 287 1858 Levis
296 1824 411 1877 crepante
420 1811 524 1876 lympha
533 1810 614 1858 desilit
623 1809 693 1874 pede.

181 1877 234 1927 illic
243 1882 342 1945 injussae
351 1885 457 1932 veniunt
466 1882 497 1930 ad
506 1883 611 1929 mulctra
620 1881 731 1944 capellan,

216 1953 351 2017 llefertque
361 1966 497 2018 tentagrex
505 1953 598 1999 amicus
608 1951 696 2008 nbcm;

180 2020 233 2068 Nec
243 2026 398 2087 vespertinus
407 2023 577 2086 circumgemit
585 2038 659 2070 ursus
670 2021 747 2080 ovile,

215 2093 269 2139 Nec
276 2095 419 2140 intumescit
430 2094 477 2140 alta
486 2093 577 2156 viperis
586 2092 690 2139 humus:

181 2159 255 2208 Nulla
264 2173 355 2209 nocent
364 2163 448 2225 pecori
457 2157 581 2227 contagia,
590 2163 684 2209 nullius
694 2161 752 2208 astri

217 2232 320 2296 Gregem
330 2244 434 2280 aestuosa
443 2243 522 2280 torret
530 2232 685 2296 impotentia.

180 2299 303 2365 Pluraque
313 2302 394 2349 felices
403 2303 560 2361 mirabimur;
573 2313 603 2348 ut
611 2317 692 2365 neque
700 2299 775 2364 lurgis⁴

216 2371 333 2436 Aquosus
342 2374 424 2421 Eurus
433 2389 490 2420 arva
499 2372 568 2434 radat
578 2371 712 2429 imbribus,

181 2442 285 2506 Pinguia
293 2459 339 2490 nec
348 2443 416 2490 siccis
426 2453 531 2490 urantur
541 2443 632 2488 semina
641 2441 730 2505 glebis,

216 2515 356 2578 Utrumque
365 2529 420 2576 rege
430 2523 581 2575 temperante
591 2512 709 2559 ooelitum.

181 2581 239 2629 Non
249 2583 300 2630 huc
309 2586 393 2646 Argoo
403 2582 531 2632 contendit
539 2582 630 2644 remige
639 2583 728 2644 pinus,

216 2652 304 2714 Neque
313 2654 438 2716 impudica
448 2653 546 2701 Colchis
555 2652 641 2698 intnlit
649 2651 751 2715 pedem3

181 2720 240 2767 Non
249 2721 299 2768 huc
308 2722 402 2770 Sidonii
410 2733 536 2770 torserunt
545 2737 639 2770 cornua
647 2731 741 2780 nautae,

217 2790 347 2840 Laboriosa
356 2808 401 2839 nec
411 2792 502 2842 cohors
511 2792 604 2860 Ulixei:
