2176 3540
206 329 255 364 sss
368 306 770 372 Q.‘110m11rtlccr

205 397 305 448 Plauiiss
314 415 342 454 se
350 397 438 446 meliis
449 399 590 464 Chrysippo
599 411 624 448 et
633 401 752 450 Crantore
761 403 831 451 dioit.

207 472 258 519 Cur
266 471 299 516 its
309 469 468 529 crediderim,
475 470 525 517 nisi
534 470 596 534 quid
605 481 631 517 te
640 472 745 532 detinet,
755 473 823 520 endi.

206 539 309 599 Fabula,
321 539 369 602 qui
379 540 471 587 Paridis
481 551 584 604 propter
593 552 707 590 narratur
715 557 828 592 amorem

206 611 297 657 Graecia
307 609 425 658 barbaries
433 611 502 658 leuto
511 611 594 659 eolliss
604 610 699 672 duello,

206 680 346 728 stultorum
355 697 441 744 regum
451 692 476 728 et
484 681 637 744 populorum
647 683 760 730 eontinet
769 694 851 732 aestus.

204 751 319 798 Antenor
327 761 410 798 censet
419 751 478 798 belli
484 751 614 814 precidere
623 767 729 800 musam.

207 820 276 881 Quid
286 821 367 868 Paris?
376 832 406 869 nt
415 822 497 869 salvus
506 833 591 886 regnet
599 823 716 885 vivatque
726 822 826 883 beatus,

206 891 268 954 Cogi
277 907 350 954 posse
358 903 438 956 neget.
452 893 542 940 Nestor
550 905 701 956 componere
709 893 764 940 lites

206 962 274 1009 luter
282 961 383 1010 Peliden
392 962 489 1010 festinet
499 973 524 1010 et
532 963 597 1010 inter
605 962 723 1010 Atriden:

206 1035 280 1081 Hune
289 1049 371 1091 emor,
380 1034 415 1080 irs
424 1033 525 1096 quidem
534 1034 701 1080 communiter
708 1034 760 1080 nrit
768 1043 914 1096 unumque.

207 1102 339 1168 Quidquid
348 1103 451 1151 delirent
460 1119 541 1167 reges,
549 1103 693 1166 plectuntor
702 1103 801 1150 Aobivi.

207 1174 346 1232 Seditione‚
356 1172 430 1232 dolis,
440 1174 540 1232 scelere,
550 1183 624 1236 atque
632 1173 735 1222 libidine
744 1184 769 1220 et
776 1172 824 1233 iri,

205 1246 291 1294 Iliacos
300 1245 365 1290 intrs
374 1259 461 1291 muros
469 1255 584 1306 peeostur
592 1253 617 1290 et
625 1253 702 1290 extre.

207 1318 318 1372 Rursus,
327 1313 389 1375 quid
397 1314 477 1360 virtus
485 1325 511 1360 et
519 1313 581 1376 qnid
590 1313 708 1376 sepientis
716 1312 807 1376 possit,
863 1359 866 1364 .

206 1384 271 1432 Utile
280 1383 412 1445 proposuit
420 1383 493 1430 nobis
503 1383 627 1446 exemplar
635 1383 745 1446 Ulyxen3

205 1454 271 1514 Qui,
280 1452 389 1500 domitor
397 1451 490 1512 ijse,
499 1453 636 1500 multorum
645 1453 765 1516 providos
775 1451 850 1500 nrbes

206 1525 237 1570 Et
247 1539 327 1570 mores
336 1522 468 1569 hominurn
477 1523 598 1586 inspexitt
607 1522 736 1586 letumque
744 1537 789 1586 per
797 1536 894 1585 sequor,

206 1595 274 1641 Dum
283 1593 343 1651 sibi,
351 1592 413 1646 dum
422 1594 494 1640 soriis
503 1593 610 1642 reditum
619 1604 702 1656 peret,
709 1607 793 1656 aspere
801 1592 879 1640 mults

205 1665 323 1724 Pertulit,
332 1663 439 1712 adversis
448 1679 531 1712 tetum
540 1663 711 1710 immersabilis
718 1664 800 1710 undis,

206 1736 320 1783 Sirenum
332 1750 405 1782 voees
414 1745 439 1782 et
447 1735 522 1782 OErsae
531 1735 621 1798 poeuls
631 1733 708 1791 ndsti3

207 1806 271 1866 Quae
279 1807 300 1853 si
308 1821 365 1852 oum
375 1805 447 1854 sotiis
457 1805 548 1852 stultns
556 1805 713 1868 cupidusque
721 1802 836 1861 bibisset,

206 1876 259 1924 Sub
269 1876 368 1924 domini
378 1877 504 1923 meretrice
512 1876 599 1922 tunm
609 1875 689 1938 turpis
698 1886 722 1922 et
731 1887 830 1932 exsors,

206 1947 313 1994 Vixisset
322 1948 389 1994 oanis
399 1945 556 2004 immundus,
565 1945 603 1992 vel
611 1945 688 1992 smioe
696 1945 751 1992 luto
759 1959 810 1991 sus.

204 2017 257 2064 Nos
267 2032 386 2064 numerus
395 2031 496 2074 sumus,
504 2027 529 2062 et
537 2016 618 2080 fruges
627 2030 773 2064 conmmere
781 2013 844 2072 nuti,

207 2086 298 2148 Sponsi
306 2087 447 2148 Penelope,
456 2085 606 2146 nebulones,
615 2086 762 2149 miroque

204 2158 236 2203 In
245 2166 302 2202 eutr
311 2154 417 2202 eunndt
426 2155 483 2217 plns
491 2171 564 2218 aequo
574 2167 672 2220 opertu
681 2155 812 2218 inventust

205 2225 252 2274 Cui
260 2226 393 2289 pulchrum
404 2224 452 2272 tuit
460 2225 487 2272 in
497 2226 589 2273 medios
599 2226 705 2274 dormire
715 2226 779 2285 dies,
787 2236 812 2271 et

204 2295 244 2344 Ad
253 2296 384 2360 strepitum
393 2296 492 2344 eitlssrae
499 2307 621 2344 ossum
630 2297 719 2344 duoere
727 2312 820 2343 eurem.
898 2317 901 2324 ·

205 2369 240 2416 Ut
248 2367 363 2431 jugulent
371 2365 513 2425 bominem,
523 2379 629 2430 surgunt
638 2367 668 2414 de
678 2377 751 2414 nocte
760 2367 878 2414 latrones:

203 2441 238 2487 Ut
248 2440 354 2502 teipsum
363 2453 457 2495 serves,
467 2453 519 2484 nou
528 2437 802 2500 expergiscerisi'Atqui

205 2511 231 2558 si
240 2510 309 2557 noles
318 2526 403 2568 sanus,
413 2524 495 2556 curres
505 2506 669 2571 hydropicus:
679 2519 717 2566 et,
725 2507 751 2554 ni

204 2582 291 2627 Posces
300 2591 356 2626 ante
366 2580 431 2626 diem
440 2577 531 2625 librum
542 2593 599 2624 enm
608 2577 716 2636 lumine,
725 2578 745 2624 si
754 2590 806 2624 non

205 2649 321 2696 intendes
330 2649 442 2695 animum
451 2648 538 2695 studiis
548 2657 572 2694 et
580 2647 654 2694 rebus
663 2647 786 2703 bonestis3

204 2717 300 2766 lnvidii
310 2717 349 2763 vel
357 2732 440 2765 amore
449 2718 508 2782 vigil
518 2717 670 2780 torquebere.
683 2717 748 2766 Nem
757 2732 803 2763 cur

204 2793 268 2852 Qnae
276 2787 370 2836 laedunt
379 2787 479 2834 oculum
487 2788 587 2835 lestines
596 2787 704 2848 demere,
714 2788 735 2834 si
744 2785 805 2850 quid

203 2860 368 2918 Est-animum
377 2855 462 2906 differs
471 2858 572 2907 curandi
582 2869 680 2924 tempus
689 2859 716 2906 in
724 2858 834 2906 mum?
