2176 3540
153 301 160 312 '
225 322 276 378 πει,
387 319 785 383 Q.}101tAT11FLACCI

223 409 331 468 Ennius,
340 421 365 457 et
374 410 470 474 sapiens
481 420 505 456 et
515 409 599 468 fortis,
610 418 635 456 et
644 409 704 457 alter
713 411 849 468 Homerus,
869 435 872 442 ·
919 421 924 428 '
945 465 947 470 Ι

223 482 259 528 Ut
269 480 348 526 critici
357 480 456 538 dicunt,
466 479 554 527 leviter
562 495 647 528 curare
656 479 756 528 videtur

225 550 284 610 Qud
293 551 413 613 promises
421 549 510 597 cadant
519 560 544 596 et
553 550 648 598 somnia
657 550 817 614 Pythagorea.

223 621 323 670 Naevius
333 621 360 667 in
368 619 483 668 manibus
493 636 545 667 nou
555 631 604 680 est,
615 631 640 668 et
649 619 775 668 ruentibus
784 619 860 666 haeret
891 672 893 678 Ι

222 690 287 739 Pent
297 706 393 751 recens,
403 690 464 738 adeo
474 690 589 746 sanctum]
596 701 632 737 est
640 701 712 738 vetus
722 705 797 737 oruue
805 691 901 752 polima.

224 761 369 824 Ambigitur
377 761 476 828 quoties
486 771 542 807 uter
551 771 609 808 utro
618 761 651 828 sit
659 761 742 824 prior,
752 759 832 806 aufert

223 832 346 878 Pacuvius
356 831 426 878 docti
435 831 525 878 lamam
534 831 612 889 senis,
621 831 710 878 Actius
719 829 773 887 olti3

223 901 324 949 Dicitur
332 901 420 949 Afrani
430 913 486 965 toga
496 901 639 948 convenisse
648 892 800 968 umanum

225 972 329 1020 Plautus
338 971 369 1018 ad
377 971 502 1035 exemplar
512 971 587 1018 Siculi
595 986 728 1035 properare
737 969 889 1032 Epicharmi3

225 1043 331 1090 Vincere
342 1042 452 1092 Caecilius
462 1041 591 1105 gravitate,
601 1041 731 1090 Terentius
740 1050 799 1087 crte.

225 1112 279 1160 Hos
288 1113 387 1172 ediscit,
396 1124 421 1160 et
430 1113 477 1160 hos
487 1121 553 1158 arcto
563 1111 652 1174 stipata
661 1111 759 1159 theatro

227 1185 327 1247 Spectat
337 1185 417 1231 Roma
427 1192 530 1246 potens;
541 1180 616 1230 habet
625 1181 673 1228 hos
682 1189 845 1244 numeratque
856 1182 940 1244 poetas

226 1252 268 1300 Ad
277 1265 392 1320 nostrum
403 1264 501 1314 tempus
509 1251 564 1298 Livi
574 1250 811 1314 scriptorisahaevo.
927 1261 929 1268 ·

226 1322 357 1371 Interdum
368 1323 457 1385 vulgus
467 1333 561 1370 rectum
571 1322 652 1379 videt;
664 1332 701 1369 est
710 1320 755 1368 ubi
763 1331 855 1384 peccat.

227 1393 253 1439 si
263 1404 357 1446 vetares
367 1393 400 1440 ita
410 1393 513 1438 miratur
522 1391 656 1456 laudatque
665 1394 763 1454 poe'tas,

227 1531 253 1579 Si
264 1531 376 1594 quaedam
385 1531 458 1578 nimis
468 1531 583 1594 antique,
592 1532 613 1578 ai
622 1532 739 1595 pleraque
748 1530 809 1579 dure

226 1603 314 1649 Dicere
323 1601 388 1649 cedit
397 1617 452 1660 eos,
462 1600 550 1664 ignave
559 1602 638 1649 multa
646 1601 750 1662 fatetur,

227 1673 260 1721 Et
270 1673 346 1736 sapit,
356 1683 381 1719 et
391 1688 488 1719 mecum
497 1670 567 1732 facit,
577 1682 602 1720 et
611 1674 675 1720 Jove
684 1671 777 1734 judicat
786 1687 867 1735 aequo.

227 1743 289 1792 Non
298 1743 412 1808 equidem
422 1743 543 1802 insector,
553 1742 686 1790 delendave
695 1744 802 1790 carmina
810 1741 865 1788 Livi
908 1752 911 1758 '

228 1815 287 1861 Esse
296 1831 365 1874 reor,
375 1814 476 1860 memini
486 1829 541 1876 quae
550 1809 679 1877 plagosum
689 1813 751 1860 mihi
760 1827 837 1876 parvo

229 1883 355 1932 Orbilium
359 1883 469 1942 'dictare3
480 1883 523 1932 sed
532 1883 659 1930 emendata
668 1883 759 1943 videri,

228 1955 397 2018 Pulchraque,
407 1965 432 2001 et
441 1953 532 2002 exactis
542 1954 673 2001 minimum
682 1953 810 2012 distantia,
819 1952 903 1998 miror.

228 2027 297 2071 Inter
307 2041 362 2087 quae
373 2024 477 2074 verbum
487 2025 587 2072 emicuit
596 2025 616 2070 si
625 2023 693 2072 forte
699 2024 829 2081 decorum,
838 2032 864 2069 et

229 2095 254 2142 si
264 2110 349 2142 versus
359 2095 433 2156 pauld
442 2095 587 2142 concinnior
597 2109 663 2142 unus
672 2105 697 2141 et
706 2094 779 2152 alter,
855 2135 857 2139 ,

228 2163 323 2224 injuste
334 2173 416 2210 totum
427 2163 496 2211 ducit
505 2164 641 2228 venditque
649 2167 744 2230 podius.
822 2186 828 2196 f

229 2233 349 2296 Indignor
359 2231 495 2294 quidquam
505 2235 665 2297 reprehendi,
676 2250 728 2281 uon
737 2234 795 2297 quia
805 2233 881 2280 'crasse

230 2304 402 2366 Compositum
411 2302 540 2366 illepideve
549 2315 666 2367 putetur,
675 2304 719 2351 sed
725 2305 785 2368 quia
793 2319 886 2366 nuper5
922 2334 925 2339 -

229 2377 254 2425 N
256 2392 283 2422 ec
292 2374 388 2422 veniam
398 2375 519 2437 antiquis,
528 2375 571 2424 sed
580 2375 703 2423 honorem
713 2386 737 2422 et
747 2375 847 2437 prtemia
855 2375 930 2436 posci.

230 2447 307 2495 Recte
316 2461 394 2493 necne
403 2461 504 2493 crocum
514 2444 636 2508 floresque
645 2445 799 2509 perambulet
807 2444 873 2491 Attae

188 2521 189 2524 ’
229 2518 321 2566 Fabula
330 2518 350 2564 si
360 2515 485 2575 dubitem,
494 2516 599 2564 clament
607 2517 707 2578 periisse
716 2514 837 2579 pudorem

232 2587 323 2635 Cuncti
332 2587 395 2650 pene
406 2597 499 2651 patres,
510 2602 537 2634 ea
546 2601 625 2649 quum
634 2584 812 2649 reprehendere
822 2599 897 2630 coner

232 2657 296 2716 Quse
305 2657 384 2719 gravis
393 2659 519 2719 Aesopus,
529 2673 583 2719 quae
593 2654 681 2704 doctus
692 2654 797 2704 Roscius
806 2655 867 2717 egit:

231 2726 278 2771 Vel
287 2725 345 2787 quia
354 2726 390 2772 nil
399 2737 507 2786 rectum,
516 2727 562 2774 uisi
572 2726 641 2790 quod
650 2726 744 2789 placuit
753 2725 812 2783 sibi,
822 2723 917 2772 ducunt
925 2742 931 2783 ;

231 2794 277 2842 Vel
287 2795 345 2857 quia
354 2804 426 2857 turpe
436 2808 526 2858 putant
535 2813 619 2860 parere
629 2796 781 2854 minoribus,
791 2805 827 2854 et,
836 2810 892 2858 quae

229 2863 337 2912 Imberbi
348 2863 467 2924 didicere,
476 2881 545 2916 senes
554 2866 679 2930 perdenda
688 2866 765 2915 fateri.
