2180 3518
204 313 252 366 ιη
363 303 396 364 Q.
414 291 591 350 uctt'mt
607 299 757 354 sulcet

202 397 303 442 Summa
311 388 369 438 tuit'
377 392 440 437 llus
450 389 600 438 si-disccrdia
610 393 798 454 vastinensis,

202 463 254 510 Aut
263 462 284 509 si
292 460 534 524 disparibusbellum
544 461 648 520 incidat,
658 473 687 508 ut
696 463 812 513 Diomedi

202 533 265 580 Cum
274 533 349 595 Lycio
358 531 453 577 Glauco
459 548 466 588 ;
472 530 584 578 discedet
593 531 700 594 pigrior,
711 532 778 580 ultro

202 601 349 649 Muneribus
359 600 453 667 missis)
463 603 542 648 Bruto
552 611 656 663 praetore
666 613 765 649 tenente

202 673 285 720 Ditem
295 668 393 729 satam,
401 670 489 736 'Rupili
499 681 523 716 et
533 671 600 717 Persl
610 687 653 734 par
662 681 770 734 pugnat,
779 672 818 719 uti
826 688 880 720 ucu

201 741 360 805 Compositus
370 739 458 788 melius
466 755 525 787 cum
535 741 610 788 Bitho
619 741 751 800 Bacchium
761 743 788 788 iu
797 742 838 804 jus

200 814 276 858 Acrcs
285 819 451 876 procurrunt,
461 825 578 872 mgnum
587 811 755 872 spectaculum
765 823 879 876 uterque.

200 883 297 929 Persius
308 882 412 944 expouit
421 895 518 927 causam
524 879 636 938 ,ridetur
645 880 675 930 ab
685 883 753 928 omui

202 953 347 1009 chvetttu;
356 950 439 998 laudat
448 953 569 1008 Brutum,
578 950 714 1012 laudatque
723 951 868 1009 cohortem

202 1023 283 1072 Solem
294 1023 359 1068 Asiae
369 1024 475 1068 Brutum
485 1019 603 1086 appellum
612 1021 743 1083 stellasque
753 1021 864 1068 salubres

201 1093 319 1154 Appellat
327 1092 443 1148 comites,
453 1101 558 1152 excepto
566 1092 646 1152 Rega3
657 1092 747 1139 Canem
756 1091 843 1150 illum,

201 1163 314 1210 Invisum
323 1160 435 1224 agricolis
445 1159 525 1218 sidus,
535 1161 642 1210 venisse:
652 1151 756 1218 ruebat,l
769 1185 774 1192 ι

202 1233 308 1280 Flumen
318 1242 346 1278 ut
355 1230 488 1276 hibernum
498 1227 578 1275 fertur
586 1231 639 1292 qud
647 1245 700 1276 rara
710 1231 812 1277 sccuris.¹

202 1303 267 1348 Tum
278 1300 444 1347 Praenestinus
454 1297 516 1345 salso
527 1297 687 1362 multumque
697 1299 785 1346 fluenti

201 1373 321 1433 Expressa
329 1368 433 1414 arbusto
441 1369 531 1429 regerit
539 1359 662 1428 ccuvicia3
672 1369 751 1417 durus

201 1439 373 1486 vindemiator
382 1447 407 1483 ct
415 1438 537 1496 invictus,
547 1439 588 1485 cui
598 1439 661 1500 saeps
671 1440 751 1486 viator
776 1488 779 1492 ,

202 1510 329 1567 Cessisset,
340 1506 589 1570 magulvccmpellaus
598 1521 659 1560 uoce
668 1509 803 1556 cucullum,
901 1520 904 1538 ·

201 1580 236 1626 At
246 1580 359 1638 Graecus,
368 1588 500 1640 postquam
511 1587 548 1624 cst
556 1579 619 1625 Italo
628 1578 744 1641 perfusus
752 1589 835 1638 aceto,

200 1649 298 1697 Persius
308 1648 427 1695 exclamat
432 1665 442 1693 :¹
448 1650 495 1694 Per
503 1663 618 1710 maguus,
628 1651 717 1708 Brute,
727 1649 792 1696 Deos
803 1659 829 1696 tc

201 1721 267 1778 Oro,
277 1719 320 1782 qui
330 1733 397 1780 reges
407 1718 533 1766 consueris
545 1717 643 1776 tollere,
651 1734 697 1765 cur
705 1735 757 1766 non

200 1791 274 1838 lluuc
284 1790 375 1851 Regem
385 1779 498 1850 jugulas?
507 1785 613 1850 operam
622 1789 685 1847 hoc,
694 1787 754 1836 mihi
764 1788 850 1849 crede,
860 1801 916 1838 tuo·

288 1875 344 1908 rum
354 1868 398 1904 est.

385 2131 578 2198 SATIRA
610 2134 728 2200 VIII.

201 2239 303 2326 Ouala
313 2287 417 2326 truncus
427 2293 492 2325 eram
502 2277 624 2338 ficulnus,
634 2278 721 2328 inutile
731 2279 841 2342 liguum,

199 2349 288 2409 Quum
297 2347 377 2406 lab'er,
388 2350 497 2396 insertus
506 2347 634 2396 scamnum
644 2348 764 2396 laceretue
774 2350 906 2412 Priapum,

198 2419 288 2466 Maluit
296 2435 349 2466 esse
357 2419 447 2466 Deum.
461 2413 529 2466 Deus
539 2417 597 2466 iude
606 2433 664 2481 ego,
675 2419 759 2465 furum
770 2419 907 2482 aviumque

198 2491 306 2536 Maxima
316 2489 438 2536 formido':
447 2503 505 2534 nam
514 2487 581 2534 fures
592 2488 677 2536 dextra
687 2491 796 2548 coercet,

197 2559 362 2621 Obsceucque
372 2559 448 2628 culter
455 2567 585 2620 porrectus
594 2557 625 2604 ab
634 2557 737 2620 inguine
746 2559 831 2620 palus;

195 2629 243 2674 Ast
252 2629 409 2690 importunas
418 2630 532 2676 volucres
541 2628 568 2673 iu
576 2627 668 2674 vertice
677 2627 775 2676 arundo

195 2698 281 2744 Terret
292 2695 354 2756 lixa,
362 2707 480 2760 vetatque
490 2697 563 2745 novis
572 2697 700 2746 cousidsre
708 2697 736 2742 iu
745 2693 834 2744 hcrtis.

195 2768 251 2812 Huc
261 2763 331 2827 prius
341 2768 451 2828 augustis
460 2767 536 2828 ejecta
545 2766 735 2814 cadavera'cellis

195 2835 336 2884 Conservus
347 2835 389 2882 vili
399 2835 520 2900 portanda
530 2835 628 2887 locabat
635 2837 664 2884 iu
673 2834 735 2884 aaut.
