2180 3518
195 339 243 385 126
349 319 748 390 Q.-HORAT11FLACCJ

348 417 476 465 Feliciores
485 411 584 469 inserit3

228 495 282 544 Aut
289 492 317 539 in
326 485 427 536 reducti
436 484 498 530 valle
508 474 673 544 mugientium

348 561 492 618 Prospectat
501 562 610 598 errantes
619 564 716 612 gregem

229 636 281 682 Aut
290 645 371 696 pressa
378 626 448 692 puris
459 623 530 670 mella
540 619 626 667 condit
636 617 777 682 amphoris;

351 699 404 745 Aut
414 693 502 743 tondet
509 689 621 738 infirmas
631 704 688 736 oves
695 705 703 734 z,

229 774 291 833 Vel,
300 785 379 835 quum
389 767 506 813 decorum
516 761 618 808 mitibus
625 759 710 822 pomis
718 767 793 821 capnt

246 884 249 894 ,
352 839 499 886 Autumnus
508 832 572 878 arvis
582 829 685 889 extulit,

232 917 267 964 Ut
277 910 366 978 gaudet
374 907 474 954 insitiva
486 903 617 964 decerpens
627 915 701 962 pyr-a,

354 980 494 1028 Certantem
504 983 528 1019 et
537 987 611 1018 uvam
621 983 752 1032 purpurae,

233 1053 289 1118 Qui
297 1058 443 1100 muneretur
451 1055 488 1104 te,
496 1043 596 1104 Priape,
605 1050 629 1086 et
638 1049 675 1097 te,
684 1049 753 1101 pater

321 1115 326 1124 ’
356 1120 466 1175 silvane,
475 1124 545 1160 tutor
553 1110 654 1158 finium!

234 1195 304 1244 Libet
314 1191 393 1254 jacere
401 1185 477 1233 model
487 1183 533 1230 sub
543 1179 645 1243 antiqui
654 1179 721 1236 ilice,

355 1257 433 1306 Modo
446 1256 474 1301 iu
485 1253 564 1301 tenaci
572 1251 689 1314 gramine.

232 1335 363 1383 Labuntur
373 1328 427 1374 altis
438 1323 538 1371 iuterim
550 1321 610 1384 ripis
619 1334 704 1382 aquae3

358 1399 506 1458 Queruntur
518 1393 545 1437 in
556 1391 624 1437 silvis
634 1405 705 1445 aves3

234 1479 252 1522 1³
254 1484 373 1534 ontesque
382 1463 491 1530 lymphis
500 1461 649 1523 obstrepunt
659 1456 827 1514 manantibus,

358 1540 463 1584 Somnos
473 1531 542 1595 quod
551 1531 640 1582 invitet
648 1530 722 1577 leves.

235 1615 283 1673 At,
296 1624 375 1674 quum
384 1604 493 1653 tonantis
502 1617 581 1648 annus
591 1591 711 1646 hibernus
720 1600 737 1643 J
738 1597 791 1644 oris

357 1676 450 1732 Imbres
460 1673 577 1735 nivesque
588 1679 726 1732 comparat,

236 1749 378 1807 Auttrudit
387 1761 453 1793 acres
462 1744 520 1790 hinc
530 1741 622 1792 ethinc
631 1738 711 1786 multi
719 1753 777 1784 cane

359 1819 442 1882 Apros
451 1815 478 1861 in
489 1813 613 1861 obstantes
622 1810 718 1874 plagam

136 1893 146 1908 '
237 1896 291 1942 Aut
300 1891 373 1939 amite
382 1887 432 1934 levi
441 1900 494 1932 rara
503 1882 584 1931 tendit
593 1881 666 1939 retia,

360 1956 451 2006 Turdis
460 1953 575 2002 edacibus
585 1950 668 2007 dolos;

172 2083 174 2087 .
239 2032 410 2091 Pavidnmqne
423 2028 547 2088 leporem,
557 2033 582 2068 et
590 2019 708 2068 advenam
717 2018 806 2079 laqueo
814 2029 901 2078 gruem

360 2095 477 2144 iucunda
486 2103 567 2155 captat
575 2091 682 2154 praemia.
937 2083 939 2087 '

240 2173 304 2235 Quis
315 2184 369 2217 non
378 2166 511 2222 malarum,
521 2178 581 2224 quas
590 2176 660 2208 arnor
669 2173 739 2206 curas
749 2155 839 2213 habet,

361 2238 418 2283 Haec
428 2235 493 2281 inter
503 2231 678 2280 obliviscitur?

241 2311 318 2374 and
327 2309 348 2356 si
356 2305 446 2372 pudica
455 2304 543 2350 mulier
553 2303 580 2349 in
590 2311 684 2364 partem
691 2297 780 2360 juvans

362 2380 473 2425 Domum
482 2385 556 2436 atque
565 2372 649 2419 dulces
658 2369 748 2416 liberos
755 2380 767 2425 ,“

242 2453 330 2504 Sabina
340 2448 431 2513 qualis,
440 2455 483 2492 aut
492 2454 592 2507 perusta
600 2441 695 2488 solibus
746 2447 747 2450 ’

361 2517 470 2567 Pernicis
479 2526 545 2562 uxor
555 2511 663 2575 Appufi,

242 2597 343 2642 Sacrum
352 2588 457 2636 vetustis
467 2594 565 2633 extruet
574 2583 647 2646 lignis
656 2580 741 2626 iocum

363 2659 429 2706 Lassi
438 2656 486 2704 sub
493 2654 627 2704 adventum
637 2651 697 2708 viri,
727 2671 731 2676 ·

212 2759 216 2770 ·
242 2731 415 2792 claudensque
425 2727 499 2774 textis
509 2723 617 2770 cratibus
626 2721 711 2768 laetum
720 2731 796 2781 pecus

365 2798 477 2845 Distenta
486 2795 559 2840 siccet
568 2793 656 2850 ubera,

245 2873 275 2919 Et
284 2871 364 2918 horus
374 2867 440 2914 dulci
450 2866 507 2911 vinc
517 2879 634 2926 promens
643 2859 711 2908 dolio
