2176 3540
196 329 246 378 tlt
356 315 388 382 Q.
407 319 587 368 HottATtl
604 320 753 370 FLACct

195 411 221 458 Si
230 408 361 472 pranderet
369 409 424 457 olus
434 409 568 472 patienter,
580 407 678 473 regibus
688 410 728 456 uti

195 479 278 528 Nollet
287 480 436 542 Aristippus.
447 507 482 515 -
492 479 516 527 Si
526 480 599 526 sciret
609 479 707 543 regibus
717 479 770 539 uti,

193 548 322 596 Fastidiret
330 549 398 607 olus,
409 549 453 611 qui
462 565 501 596 me
511 560 590 597 notat.
599 577 635 586 -
643 550 731 596 Utrius
741 549 833 596 borum

194 619 276 667 Verba
286 618 377 682 probes
387 629 412 665 et
422 618 497 678 facta,
507 619 580 678 doce3
589 619 629 666 vel
636 618 722 681 junior
731 618 790 666 audi

195 690 247 737 Cur
255 690 287 735 sit
296 689 418 752 Aristippi
427 691 512 752 potior
520 690 649 736 sententia.
664 691 777 752 Namque

178 785 183 794 ·
193 759 337 806 Morducem
347 760 468 822 Cynicum
478 760 512 807 sic
522 759 649 818 eludebat,
659 769 688 806 nt
697 759 778 807 aiunt:
788 784 824 795 -

195 831 299 878 scurror
309 846 354 893 ego
364 829 416 895 ipse
426 829 501 889 mihi,
510 829 605 893 populo
615 840 656 886 tu3
666 829 756 876 rectius
764 828 813 876 hoc
824 839 849 875 et

194 899 353 963 splendidius
363 900 443 947 multo
453 911 501 947 est:
513 915 592 963 equus
601 909 631 946 ut
642 915 680 945 me
690 909 785 962 portet,
798 899 845 946 elnt
854 914 913 959 rex,

194 967 313 1016 Officium
323 969 399 1028 facio;
409 981 436 1017 tu
448 970 528 1033 poscis
537 969 594 1016 viliu
604 985 703 1027 rerum,

194 1041 276 1087 Dante
286 1041 381 1100 minor,
390 1041 501 1103 quamvis
511 1040 558 1086 fers
568 1050 592 1086 te
602 1039 696 1086 nullius
706 1049 824 1102 egentem.
834 1065 870 1074 —

196 1111 285 1157 Omnis
295 1111 452 1174 Aristippum
462 1110 544 1158 decuit
553 1108 621 1157 color
630 1120 655 1157 et
664 1119 742 1158 status
751 1119 776 1155 et
785 1125 836 1169 res,

195 1181 341 1228 Tenttntem
352 1180 457 1243 majora,
466 1180 516 1228 fere
525 1179 688 1244 presentibus
697 1194 805 1242 aequum.

196 1251 301 1310 Contra,
312 1267 386 1314 quem
397 1250 489 1314 duplici
498 1265 581 1314 panno
590 1250 709 1313 patientia
718 1249 794 1307 velat,

196 1320 319 1379 Mirabar,
329 1322 385 1368 vita
392 1322 432 1366 vis
441 1322 462 1368 si
472 1335 588 1367 conversa
599 1319 703 1366 decebit.

195 1390 265 1436 Alter
274 1406 430 1452 purpureum
440 1406 493 1437 uon
502 1389 642 1452 expectabit
651 1391 782 1449 amictum,

196 1457 325 1519 Quidlibet
334 1459 438 1506 indutus
448 1458 603 1506 celeberrime
611 1477 659 1524 per
666 1460 719 1508 loca
728 1459 814 1519 vadet,

194 1531 377 1592 Personamque
387 1528 448 1576 feret
458 1545 511 1576 non
521 1530 687 1578 inconcinnus
696 1541 840 1594 utramque:

195 1598 265 1646 Alter
275 1599 354 1646 Mileti
365 1609 456 1646 textam
466 1615 525 1646 cane
534 1600 607 1663 pejus
617 1611 642 1648 et
652 1616 731 1665 angue

194 1669 290 1717 Vitabit
298 1669 465 1734 chlamydem
476 1671 597 1718 morietur
606 1670 710 1734 frigore,
721 1670 803 1724 sinon

195 1740 330 1788 Rettuleris
340 1756 463 1804 pannum:
474 1740 550 1800 refer,
560 1751 584 1787 et
593 1741 646 1788 sine
656 1741 723 1787 vivat
733 1740 841 1804 ineptus.

194 1812 245 1857 Res
255 1827 337 1874 gerere
346 1822 371 1858 et
380 1821 464 1874 captos
474 1811 603 1861 ostendere
612 1810 709 1858 civibus
718 1811 816 1870 hostes,

195 1881 303 1944 Attingit
313 1881 403 1929 solium
413 1883 428 1926 J
431 1883 484 1929 ovis
494 1892 519 1928 et
528 1881 634 1928 coelestia
644 1891 734 1928 tentat:

195 1951 353 2014 Principibus
362 1952 481 2014 placuisse
489 1951 562 2010 viris,
571 1967 624 1998 non
635 1951 721 1999 ultima
730 1950 783 1998 leus
792 1960 836 1998 est.

196 2021 256 2068 Non
265 2022 344 2067 cuivis
354 2022 452 2069 homini
461 2021 584 2084 contingit
593 2021 659 2068 adire
670 2020 829 2069 Corinthum.

196 2089 277 2148 Sedit,
289 2090 333 2151 qui
343 2091 427 2154 timuit
435 2107 467 2137 ne
476 2107 529 2138 non
538 2091 690 2148 succederet;
699 2103 764 2139 esto:

196 2157 282 2219 Quid?
291 2159 334 2224 qui
343 2160 468 2221 pervenit,
478 2160 568 2208 fecitne
578 2162 695 2209 viriliter?
707 2161 787 2225 Atqui

196 2228 242 2276 llic
247 2239 292 2287 est,
296 2238 477 2290 antuusqunrn,
482 2231 552 2293 quod
557 2233 697 2294 quaerimus:
703 2231 744 2278 bic
749 2247 814 2278 onus
818 2230 913 2292 horret,

196 2301 231 2347 Ut
239 2299 321 2362 parvis
330 2299 417 2346 animis
426 2311 451 2347 et
459 2316 537 2363 parvo
547 2317 651 2364 corpore
661 2301 753 2362 majus;

196 2371 243 2418 llic
252 2370 320 2418 subit
329 2380 354 2416 et
362 2369 462 2433 perfert.
477 2371 530 2417 Ant
539 2371 619 2418 virtus
628 2387 722 2419 nomen
730 2372 803 2418 inune
812 2382 862 2431 est,

195 2441 249 2489 Aut
258 2442 333 2489 decus
343 2451 367 2488 et
376 2442 484 2504 pretium
493 2441 557 2488 reete
568 2443 632 2503 petit
641 2442 768 2505 experiens
777 2441 823 2488 vir.

197 2513 285 2560 Coram
295 2528 351 2575 rege
360 2510 404 2558 susi
414 2510 444 2558 de
453 2521 597 2575 paupertate
607 2522 713 2558 tacentes

196 2581 256 2630 Plus
264 2594 382 2644 poscente
390 2581 478 2630 ferent.
491 2582 584 2640 Distat,
593 2597 708 2629 sumasne
717 2580 853 2644 pudenter,

197 2651 239 2697 Au
248 2652 339 2714 rapias:
350 2654 419 2715 atqui
428 2669 510 2700 rerum
520 2662 595 2715 caput
603 2652 653 2699 hoc
662 2663 726 2711 erat,
734 2651 775 2698 hic
785 2650 849 2700 fons.

198 2741 208 2762 ι
218 2720 332 2767 Iudotata
341 2721 403 2766 mibi
411 2738 483 2770 soror
490 2734 541 2781 est,
549 2722 699 2786 paupercula
708 2733 798 2781 mater,

198 2810 208 2832 α
219 2790 250 2836 Et
261 2787 354 2856 fundus
363 2805 408 2838 uec
416 2792 560 2850 vendibilis,
570 2807 616 2838 nec
624 2807 722 2855 pascere
731 2790 832 2849 firmus,
843 2811 853 2833 ι

199 2858 251 2920 Qui
259 2858 332 2918 dicit,
343 2858 441 2907 clamet:
451 2881 462 2903 ι
471 2862 575 2910 Victum
585 2861 640 2936 date
651 2883 669 2910 n.
680 2862 794 2926 ,Succinit
801 2861 874 2910 alter:

1081 2385 1083 2533 l
