2176 3540
95 315 100 330 ’
189 327 239 374 250
344 324 376 384 Q.
396 321 574 370 nomn
595 321 744 374 rusccr

186 413 252 460 liiuc
261 412 306 459 illut
315 412 434 474 lacrymae.
448 409 536 474 Spissis
545 410 646 476 indiguo
656 411 757 460 theatris

188 484 282 546 Scripta
291 481 369 545 pudet
377 482 492 550 recitare,
501 492 526 530 et
534 473 608 545 nugis
618 481 708 529 addere
716 481 831 546 pondus,

188 554 214 602 si
223 552 286 600 dixi:
296 551 383 610 Rides,
394 551 441 610 ait,
451 562 476 600 et
486 551 500 597 J
503 551 558 599 ovis
566 551 667 599 auribus
677 553 723 598 ista
770 606 773 612 ¹

187 625 285 670 Servus:
295 620 351 668 fidis
360 622 426 668 enim
435 637 535 668 mamre
543 622 640 685 poitice
649 622 720 668 melis

187 693 222 740 Te
231 692 325 752 solum,
335 691 381 739 tibi
390 691 503 755 pulcher.
516 692 557 738 Ad
565 693 618 740 haec
628 707 673 755 ego
682 691 782 739 utribus
791 692 831 738 uti

186 761 315 810 Formido:
325 774 363 822 et,
372 762 489 810 luctantis
499 772 572 809 acuto
581 778 612 808 ne
622 777 690 808 secer
698 763 790 827 ungui,

186 832 306 896 Displicet
315 833 362 880 iste
369 832 454 892 locus,
464 832 555 891 clamo,
565 843 589 879 et
599 831 692 879 diludia
702 848 786 896 posco.

186 903 273 950 Ludus
282 903 347 950 euim
357 903 444 967 genuit
454 901 579 966 trepidum
589 911 712 949 certamen
721 913 745 949 et
754 903 827 960 irum,

188 973 227 1019 1η
237 982 318 1021 truces
327 973 467 1020 inimicitias
477 983 501 1020 ct
511 971 616 1019 funebre
624 971 725 1019 bellum.

195 1135 427 1156 mmm

346 1196 628 1314 clusium
656 1247 744 1336 xx.

362 1393 415 1440 AD
433 1393 594 1440 LIBRUM
612 1393 732 1440 SUUM.

186 1494 242 1580 Vr
248 1545 332 1578 uruit
338 1547 403 1578 rurs
412 1533 569 1595 donumque,
577 1532 653 1592 liber,
663 1543 772 1597 spectare
780 1531 886 1592 videris;

187 1602 284 1650 Scilicet
294 1613 323 1649 ut
331 1612 428 1666 prostes
438 1603 566 1650 Sosiorum
576 1604 676 1666 pumice
686 1603 803 1650 muudus.

188 1673 271 1720 Odisti
279 1672 358 1720 claves
368 1683 392 1719 et
400 1683 468 1737 grata
477 1671 553 1737 sigilla
562 1673 667 1736 pudico:

187 1744 274 1791 Paucis
283 1743 381 1790 ostendi
389 1743 477 1806 gemis,
487 1754 511 1790 et
520 1744 662 1791 commuuio
672 1741 769 1802 laudas,

187 1815 246 1863 Nou
255 1814 288 1860 ita
298 1815 416 1861 nutritus.
430 1817 496 1877 Fuge
505 1815 558 1877 quo
567 1813 713 1860 descendere
722 1813 807 1876 gestis:

188 1883 247 1930 Nou
257 1884 304 1931 erit
313 1885 402 1931 emisso
411 1883 505 1930 reditus
514 1883 567 1930 tibi.
582 1883 651 1943 Quid
660 1885 734 1930 miser
742 1884 796 1946 egi?

189 1953 258 2013 Quid
267 1953 352 2001 volui?
361 1954 439 2013 dices,
448 1953 492 2000 ubi
502 1953 563 2017 quid
573 1965 597 2000 te
605 1953 701 2000 laeserit.
715 1954 745 2000 lit
754 1953 800 1999 scis

186 2025 217 2069 In
226 2022 301 2068 breve
311 2034 335 2070 te
344 2024 412 2087 cogi,
422 2025 511 2086 plenus
521 2039 599 2087 quum
608 2024 708 2089 languet
717 2033 819 2070 amator.

188 2091 266 2151 Quod
275 2093 295 2136 si
304 2107 356 2139 nou
366 2093 424 2139 odio
434 2095 557 2155 peccantis
567 2093 656 2157 desipit
665 2109 757 2157 augur,

188 2161 265 2209 Carus
274 2160 320 2206 eris
330 2161 428 2218 Romae,
439 2161 518 2208 donec
530 2174 554 2208 te
564 2163 658 2210 dacrat
666 2173 731 2210 κω.

188 2231 361 2279 contrectatus
371 2229 414 2276 ubi
423 2230 539 2278 manibus
549 2232 687 2280 sordescere
696 2232 764 2296 vulgi

188 2299 309 2364 Copais,
318 2310 361 2347 aut
371 2299 448 2346 tineas
457 2297 541 2364 pdsces
551 2303 689 2350 taciturnus
698 2303 802 2362 inertes,

188 2371 241 2418 Aut
250 2370 329 2435 lugiet
339 2371 450 2430 Uticam,
459 2381 502 2418 tut
511 2373 610 2420 vinctus
620 2373 725 2420 mitteris
733 2372 846 2422 Ilerdam.

188 2442 289 2489 Ridebit
299 2443 410 2490 monitor
418 2457 471 2488 non
480 2441 624 2500 exauditum
635 2453 664 2490 ut
673 2443 713 2490 ille

189 2512 241 2572 Qui
250 2512 311 2560 mali
319 2523 447 2576 parentem
456 2513 483 2560 in
493 2528 566 2576 rupes
575 2515 697 2575 protrusit
706 2511 806 2559 mellum

187 2584 280 2629 Iratus:
292 2583 348 2644 quis
358 2583 424 2630 enim
434 2573 542 2630 invitum
552 2597 647 2630 servare
655 2581 767 2630 laboret?

187 2651 242 2697 lloc
251 2667 353 2714 quoque
364 2663 389 2699 te
398 2665 492 2714 mmet,
502 2664 531 2700 ut
539 2668 632 2716 pueros
643 2653 762 2700 elementa
772 2653 903 2701 docentem

188 2721 300 2783 Occupet
309 2724 424 2770 extremis
432 2724 460 2770 iu
468 2724 528 2771 vicis
537 2723 609 2770 balba
617 2734 739 2770 senectus.

111 2835 114 2844 ,
189 2789 275 2849 Quum
285 2789 331 2836 tibi
341 2791 378 2838 sol
388 2793 486 2856 tepidus
494 2794 577 2857 plures
586 2793 723 2840 admoverit
731 2809 815 2854 tures,

188 2861 229 2907 Mc
237 2859 353 2908 libertino
362 2871 449 2909 ustum
459 2875 541 2926 petre,
553 2875 578 2910 et
586 2864 614 2911 in
622 2865 693 2912 tenui
702 2880 728 2911 re
