2176 3540
340 363 786 412 nr1sr0nauuna1o.11.
846 346 921 410 '255

199 453 258 499 Jarn
269 449 355 499 aaliar'e
364 443 456 501 Numae
465 466 562 500 carmen
572 453 615 516 qni
624 452 720 512 laudat,
730 451 754 500 et
762 451 826 500 illud

202 522 282 584 Quod
291 538 388 570 mecum
398 522 495 586 ignorat
504 522 572 569 colna
582 521 636 570 vult
646 524 707 570 scire
715 523 807 582 videri,

203 593 310 656 Ingeniia
320 607 374 640 non
382 591 422 639 ille
431 591 496 639 lavet
504 591 650 656 plauditque
658 593 776 656 aepulae,

203 664 295 712 Nostra
304 662 348 709 aed
357 663 501 726 impugnat,
511 678 557 709 noa
565 673 699 726 uortraque
708 663 800 710 lividus
810 663 871 712 odit.

204 733 314 795 Quodsi
325 744 373 779 tam
383 733 461 780 Graiis
471 733 568 780 novitas
578 733 657 780 invisa
667 733 753 780 luisset

205 803 289 864 Quim
296 802 383 862 nobie,
393 803 454 866 qnid
460 817 528 849 nunc
536 812 598 849 earet
605 803 693 850 vetas?
702 813 745 850 ant
753 803 814 867 qnid
820 801 922 852 haberet

205 873 283 934 Quod
292 873 383 936 legeret
392 883 531 935 temetque
540 872 632 920 viritim
643 872 758 935 publium
768 873 844 920 utus?

204 945 239 990 Ut
249 941 359 1006 primiam
369 943 457 1005 positia
466 943 554 1006 nugari
563 942 656 990 Graecia
665 941 735 990 hellis

205 1013 300 1077 Coepit,
310 1013 371 1059 etin
379 1013 469 1060 vitium
479 1011 579 1060 fortuni
587 1012 664 1059 labier
673 1011 756 1075 aqui,
844 1059 848 1067 ,

205 1083 281 1132 Nunc
291 1081 439 1130 athletarum
449 1081 552 1141 studiis,
561 1098 629 1130 nunc
638 1083 697 1131 arsit
706 1098 842 1147 equorum

205 1153 338 1200 Marmoria
347 1163 391 1200 aut
400 1152 481 1200 eboris
490 1152 574 1199 fabros
584 1163 626 1199 aut
637 1152 689 1200 aeria
699 1153 803 1211 amavit3
856 1187 858 1192 ,

206 1221 342 1288 Suspendit
350 1219 415 1286 picti
424 1223 523 1270 vultum
533 1233 690 1286 mentemque
700 1223 801 1282 tabelli3

206 1293 283 1342 Nunc
292 1292 449 1352 tibicinibua‚
458 1309 526 1340 nnnc
536 1303 572 1340 eat
581 1294 661 1356 gavisa
671 1293 785 1356 tragoedia
791 1299 802 1340 ε’

208 1364 260 1412 Sub
271 1365 369 1411 nutrice
379 1363 460 1427 puella
469 1363 538 1410 velut
548 1364 567 1409 ai
576 1362 672 1410 luderet
681 1363 776 1423 insana,

208 1433 286 1495 Quod
295 1433 386 1498 cupidi
393 1434 466 1497 petiit
475 1434 571 1480 maturi
580 1434 652 1497 plena
662 1434 770 1498 reliquit.

209 1504 278 1564 Quid
287 1504 367 1566 placet
376 1515 418 1550 ant
429 1502 487 1550 odio
497 1514 547 1562 eat,
558 1504 627 1566 qnod
635 1521 689 1553 non
698 1503 817 1554 mutabile
826 1505 925 1554 credas?

207 1575 262 1621 lloc
271 1589 343 1637 paces
352 1574 462 1621 habuere
471 1572 543 1620 bonae
552 1577 670 1638 ventique
680 1575 789 1623 secundi.

208 1645 295 1691 Romae
305 1643 376 1690 dulce
388 1642 432 1690 did
441 1642 490 1690 init
499 1654 522 1690 et
532 1645 642 1691 solemne
650 1644 745 1691 reclusi

182 1733 188 1744 ·
209 1714 281 1760 Mani
292 1713 368 1761 domo
378 1713 489 1777 vigilare,
499 1714 582 1760 clienti
591 1729 704 1776 promere
713 1713 781 1774 jura,

209 1785 300 1834 (lautos
310 1783 454 1832 nominibus
465 1785 537 1831 rectia
546 1783 686 1846 expendere
695 1797 826 1842 nummos,

169 1853 171 1856 ’
207 1854 315 1916 Maiores
323 1854 422 1914 andire,
431 1855 521 1901 minori
531 1853 611 1900 dicere
622 1868 667 1916 per
676 1868 732 1914 quaa

210 1925 323 1978 Creacere
332 1940 370 1971 res
379 1935 476 1987 posset,
487 1924 568 1970 minui
578 1923 697 1970 damnosa
704 1921 791 1969 libido.

209 1996 318 2044 Mutavit
328 2005 434 2041 mentem
444 1993 553 2057 populus
562 1993 636 2052 levia,
646 2001 671 2039 et
679 1992 741 2038 calet
750 2007 802 2039 nno

210 2064 337 2116 scribendi
347 2064 443 2111 at'ndior
452 2065 573 2127 puerique
583 2073 714 2126 patreaqne
724 2063 803 2110 severi

209 2135 308 2184 Fronde
318 2150 399 2182 comae
408 2134 486 2181 vincti
495 2143 592 2180 coenant
600 2143 625 2180 et
633 2135 741 2181 carmina
751 2133 852 2182 dictant.

209 2208 265 2270 ipae
274 2221 334 2269 ego,
344 2205 387 2268 qni
397 2203 479 2251 nullos
488 2219 528 2250 me
537 2202 633 2252 affirmo
643 2204 747 2252 scribere
758 2221 856 2266 verena,

210 2277 328 2324 Iuvenior
336 2274 433 2324 Parthia
443 2274 596 2333 mendacior;
606 2285 643 2335 et,
653 2275 724 2338 priua
735 2287 791 2323 orto

211 2347 280 2406 Sole,
289 2345 348 2409 vigil
357 2343 477 2391 calamum
486 2355 510 2390 et
520 2345 614 2392 chartae
624 2355 649 2391 et
657 2345 745 2392 scrinia
755 2345 840 2408 posco.

211 2416 305 2464 Navem
315 2429 386 2478 agere
394 2416 493 2479 ignarus
502 2415 572 2460 navia
582 2415 665 2471 timet;
675 2414 825 2460 abrotonum
835 2428 900 2476 aegro

210 2485 464 2548 Nonaudet‚nieiqui
468 2483 567 2542 didicit,
573 2483 641 2540 dare3
649 2480 876 2544 qnodmedicorum
882 2493 926 2542 eat,

211 2549 365 2604 Prornittunt
375 2554 476 2612 medici3
485 2563 591 2602 tractant
600 2551 694 2600 fabrilia
704 2551 780 2598 fabri:

211 2626 346 2674 Scribimus
356 2625 451 2672 indocti
461 2624 579 2687 doctique
587 2625 700 2687 poimata
709 2622 809 2686 paaeim.

211 2697 258 2743 llic
267 2699 336 2743 error
346 2705 428 2742 tamen
438 2706 462 2743 et
471 2695 532 2741 levia
541 2693 593 2741 haec
602 2693 708 2754 insania,
718 2704 822 2756 quantae

212 2768 325 2814 Virtutes
334 2765 436 2825 habeat,
446 2765 480 2812 sic
489 2763 587 2828 collige:
598 2765 668 2810 Vatia
677 2779 764 2812 avarus

212 2837 271 2884 Non
277 2836 510 2883 temereertanimna
516 2851 523 2891 3
529 2845 691 2894 versuramat,
696 2825 927 2892 hocstude'tunumt

212 2908 378 2965 linamenta,
387 2904 455 2969 lugat
465 2917 607 2979 cervorum,
616 2905 731 2952 incendia
740 2904 819 2964 aidau
