2176 3540
312 312 755 392 urtsnonaltttttm..11.
841 321 889 381 259

176 401 222 452 Sed
234 413 319 468 tamen
328 413 366 448 est
377 403 573 466 operaepretium
584 419 731 467 cognoscere
741 404 823 468 quales

175 473 297 520 Aedituus
307 471 397 538 babeat
406 473 464 519 belli
472 483 578 535 spectata
589 473 707 538 domique

175 545 275 602 Virtus,
286 543 389 606 indigno
399 559 451 590 non
460 543 635 591 committenda
645 547 733 607 politae.

177 613 268 660 Gratus
277 612 420 660 Alexandro
430 614 480 677 regi
489 629 578 677 magno
588 613 636 661 luit
645 615 685 661 ifle

177 683 313 743 Choerilus,
323 683 422 748 incultis
432 685 476 747 qui
486 683 597 730 versibus
607 696 631 732 et
640 685 702 734 mali
711 686 776 734 naus

177 754 285 800 Rettulit
293 764 419 816 acceptos,
429 754 507 817 regale
516 755 652 813 numisma,
660 755 797 820 Philippos.

179 823 240 883 Sed,
251 823 331 870 veluti
339 833 439 871 tractata
449 835 535 871 natam
544 823 673 888 labemque
681 827 812 875 remittunt

178 894 337 952 Atramenta,
347 893 396 940 fere
405 895 537 957 scriptores
546 894 652 940 carmine
662 894 728 942 loedo

178 963 312 1027 Splendida
320 962 383 1011 iacta
392 963 484 1010 linunt.
498 964 566 1012 Idem
576 981 620 1010 rex
628 964 680 1023 ille,
691 967 779 1027 poema

179 1034 232 1095 Qui
240 1045 291 1081 tam
300 1033 432 1080 ridiculum
443 1045 493 1081 tam
501 1033 555 1081 card
564 1034 683 1098 prodigus
692 1035 764 1094 emit,

179 1105 267 1152 Edicto
277 1105 356 1151 vetuit
365 1120 396 1151 ne
405 1105 461 1167 quis
471 1119 508 1164 se,
518 1115 606 1167 praeter
615 1104 737 1172 Apellen,¹

179 1176 306 1238 fingeret,
315 1185 359 1221 aut
368 1174 429 1222 alius
438 1175 547 1237 Lysippo
558 1174 657 1221 duceret
666 1191 712 1232 aera
789 1171 793 1184 '

178 1246 259 1293 Fortis
268 1244 402 1294 Alexandri
411 1244 510 1293 vultum
520 1244 668 1291 simulantia.
683 1244 760 1305 Quod
769 1245 790 1292 a'i

180 1317 195 1362 J
196 1315 308 1363 udicium
317 1314 407 1362 subtile
416 1313 530 1361 videndis
539 1314 635 1360 artibus
644 1314 707 1362 illud

179 1385 220 1433 Ad
229 1386 306 1432 libros
315 1385 380 1432 etad
391 1385 443 1432 haec
454 1386 583 1433 Musarum
593 1385 657 1432 dona
666 1395 780 1445 vocares,

179 1453 296 1504 Boeotum
303 1457 331 1502 in
340 1471 424 1520 crasso
430 1453 585 1516 juraresaire
595 1467 689 1504 natum.

181 1527 216 1573 At
224 1542 305 1589 neque
315 1524 463 1573 dedecorant
471 1536 514 1572 tna
524 1526 555 1574 de
564 1543 590 1574 se
598 1525 690 1588 judicia
700 1538 774 1590 atque

182 1598 300 1656 Munera,
310 1611 365 1658 quae
375 1595 453 1642 multa
462 1596 542 1643 danda
551 1613 609 1644 cuna
617 1597 690 1644 lande
700 1597 812 1646 tulerunt

182 1667 272 1714 Dilecti
282 1666 328 1714 tibi
335 1665 453 1729 Virgilius
462 1667 602 1730 Variusque
608 1670 701 1730 poetae:

183 1739 235 1786 Neu
244 1738 320 1800 magis
330 1737 438 1798 expressi
446 1736 531 1784 vultus
541 1752 585 1799 per
595 1739 668 1783 aenea
678 1736 745 1798 signa

184 1806 267 1868 Quian
276 1823 320 1870 per
328 1806 390 1853 vatis
400 1823 463 1869 opus
473 1822 554 1854 mures
564 1805 689 1868 animique
697 1805 809 1852 virorum

184 1877 313 1926 Clarorum
322 1885 449 1940 apparent.
463 1877 514 1925 Nec
523 1891 648 1924 sermones
657 1890 702 1937 ego
712 1873 808 1928 mallem

184 1949 308 2011 Repentes
316 1963 361 2010 per
370 1947 490 2006 humum,
502 1945 577 2008 quim
585 1961 623 1992 res
632 1959 781 2006 componere
790 1953 880 2007 gestas,

184 2020 366 2079 Terrarumque
376 2018 438 2064 utus
447 2028 472 2064 et
481 2015 584 2064 flumina
594 2015 686 2074 dicere,
697 2024 721 2060 et
730 2029 796 2061 arces

184 2087 316 2137 Montibus
323 2088 465 2149 impositas,
476 2097 501 2132 et
508 2086 611 2134 barbara
620 2101 707 2149 regna,
718 2085 817 2148 tuisque

185 2159 308 2221 Auspiciis
318 2167 399 2206 totum
410 2155 522 2206 coniecta
531 2154 610 2206 duella
619 2173 663 2220 per
672 2155 772 2216 orbem,

186 2229 347 2292 Claustraque
357 2227 484 2274 custodem
493 2229 559 2291 pacis
568 2227 709 2276 cohibentia
720 2230 826 2286 Jauum,

186 2300 218 2348 Et
227 2299 383 2349 formidatam
393 2298 490 2345 Parthis
500 2309 523 2344 te
533 2299 644 2361 principe
654 2300 772 2356 Romanu

145 2403 149 2412 .
186 2369 225 2429 si,
236 2367 359 2433 quantiam
367 2384 496 2430 cuperem,
505 2383 603 2432 possem
613 2383 726 2429 quoque:
737 2367 779 2414 sed
788 2381 869 2428 neque

266 2475 271 2484 .
291 2455 378 2486 arvum

188 2457 293 2558 Carmeli
300 2508 413 2570 majestas
423 2503 510 2570 recipit
520 2517 575 2564 tua,
585 2521 630 2551 nec
640 2520 710 2552 ruens
719 2504 794 2550 audet

127 2587 129 2592 '
188 2583 356 2628 Rem‘tentare
364 2579 447 2642 pudor
456 2593 531 2640 quam
541 2577 605 2622 vires
615 2574 677 2621 ferre
688 2585 809 2622 recusent.

187 2650 310 2698 Sedulitas
319 2660 416 2709 autem,
427 2647 501 2696 stulte
512 2662 586 2710 quem
595 2645 687 2709 diligit,
698 2655 781 2710 urget,

188 2720 313 2783 Praecipue
323 2735 400 2782 quum
410 2735 436 2767 se
445 2717 555 2764 numeria
564 2715 721 2764 commendat
731 2726 755 2762 et
764 2727 828 2764 arte:

186 2791 265 2838 Discit
275 2791 340 2848 enim
350 2788 423 2836 citius
433 2787 595 2850 meminitque
603 2784 721 2834 libentius
729 2785 792 2834 illud

186 2861 264 2921 Quod
274 2861 329 2924 quis
339 2855 446 2926 dpridet,
457 2857 531 2922 quiam
541 2855 610 2920 quod
618 2856 708 2922 probat
717 2867 742 2904 et
751 2867 889 2914 veneratur.
