2176 3540
393 364 470 414 Ans
488 365 677 416 rocetos„
842 382 892 433 ²79

173 456 258 504 Altera
267 454 350 520 poscit
359 469 434 519 epem
442 471 494 515 res,
504 465 529 502 et
537 454 595 518 conj
598 465 653 503 urtt
661 453 745 503 amici.

174 529 226 588 Qui
236 525 322 574 studet
330 535 441 590 optutum
449 540 526 573 cursu
534 527 677 592 contingere
686 537 791 587 metam,

173 597 255 646 Multa
266 597 324 644 tulit
335 596 442 660 fecitque
450 613 527 660 puer3
537 597 636 644 sudavit
644 607 670 644 et
679 597 747 656 rlsit3

173 667 304 715 Abstinuit
312 682 402 714 venere
411 677 436 714 et
445 667 518 715 vinc:
531 667 574 731 qui
584 667 673 730 Pythie
681 677 765 716 cantet

174 737 293 798 Tibicen,
302 737 388 785 didicit
397 735 480 802 pride,
489 737 656 802 extimuitque
664 739 818 802 magistrum.

174 809 226 858 Nec
236 809 295 855 satis
303 818 340 855 eet
350 808 451 856 dixisse:
462 829 473 849 α
482 810 533 871 ligo
543 809 603 855 mire
613 811 727 876 poemate
735 825 831 874 pungo:

174 899 185 922 t
195 880 309 942 Occupet
315 889 455 926 extremum
462 878 566 937 scabies3
576 879 639 926 milri
647 889 721 943 turpe
728 879 836 944 relinqui
843 891 892 941 est,

174 969 184 991 e
194 950 236 1008 Et,
247 948 317 1012 qnod
326 965 379 996 non
389 947 476 1008 didici,
485 949 542 996 sane
551 949 644 996 nescire
654 947 724 997 interi
734 971 752 998 ι».

174 1020 210 1067 Ut
218 1035 300 1083 praeco
309 1019 341 1066 ed
351 1035 443 1066 merces
454 1019 553 1067 turbam
564 1020 608 1082 qui
617 1020 685 1084 cogit
693 1020 821 1081 emendus,

175 1091 345 1138 Assentatores
355 1089 427 1152 jubet
436 1089 467 1136 ud
475 1089 574 1138 lucrum
583 1091 619 1138 ire
627 1093 701 1153 poeta

175 1160 251 1208 Dives
260 1160 336 1224 egris,
345 1159 413 1208 dives
422 1161 512 1224 positis
520 1161 548 1207 in
557 1159 652 1209 foenore
661 1162 780 1209 nummis.

176 1231 270 1278 sivero
281 1241 317 1277 est
328 1241 434 1278 unctum
444 1247 489 1296 qut
482 1230 563 1278 'recte
572 1247 665 1296 ponere
673 1233 764 1295 possit,
807 1269 833 1287 .,

176 1301 207 1348 Et
216 1300 339 1364 spondere
346 1301 396 1349 leti
405 1316 451 1366 pro
461 1301 721 1365 paupere‚eterlpere
729 1303 788 1350 etms
819 1336 838 1380 .

175 1370 273 1418 Litibns
282 1371 445 1436 implicitum,
454 1371 591 1419 mirabor'
572 1387 593 1418 st
601 1373 661 1420 sciet
669 1371 746 1421 inter·
810 1381 820 1414 t
820 1345 865 1454 4
868 1413 884 1471 ,Ι
909 1407 921 1422 η
944 1408 951 1428 ‚
945 1371 978 1392 ’

175 1457 277 1490 noscere
285 1441 429 1492 mendacem
438 1457 576 1507 verumque
585 1442 673 1491 bertus
681 1459 798 1494 emrcnm
820 1381 969 1488 ks

177 1513 230 1572 Tu,
239 1528 283 1560 sen
293 1512 407 1572 donaris,
416 1528 461 1560 sen
470 1513 532 1576 quid
542 1513 634 1562 donare
643 1515 704 1562 velis
713 1516 767 1575 cni,

176 1582 263 1632 Nolito
272 1582 303 1630 ad
312 1599 398 1630 versus
408 1582 453 1630 tibi
463 1583 540 1632 iactos
551 1585 640 1632 ducere
649 1585 753 1648 plenum
793 1591 798 1598 '

175 1651 289 1711 Laetitiam
298 1652 412 1700 clamabit
423 1654 502 1715 enim,
512 1675 522 1695 ι
532 1654 650 1702 Pulchre!
661 1655 735 1702 bene!
746 1655 812 1703 recte
822 1658 844 1697 »¹

176 1722 295 1771 Pallescet
305 1739 380 1788 snper
388 1723 442 1783 his;
453 1725 527 1772 etiam
536 1723 639 1772 stillabit
648 1723 732 1773 amicis

177 1793 215 1840 Ex
226 1793 303 1842 oculis
313 1809 408 1854 rorem3
417 1795 498 1855 saliet,
508 1795 598 1842 tundet
607 1794 670 1859 pede
679 1803 776 1842 terrem.

177 1865 226 1923 Ut,
235 1865 279 1928 qni
288 1864 407 1912 conducti
417 1866 517 1929 plorant
525 1867 553 1913 in
561 1865 661 1926 funere,
671 1865 759 1914 dicunt

178 1934 211 1982 Et
219 1933 313 1982 iaciunt
322 1934 402 1998 prope
411 1937 483 1999 plura
495 1935 638 1984 dolentsstue
648 1951 679 1983 ex
688 1936 784 1995 rnimo3
795 1937 829 1984 sic

177 2005 280 2052 Derisor
290 2019 350 2053 vero
360 2005 418 2069 plns
426 2006 555 2054 laudatore
564 2016 688 2054 movetur.

178 2076 257 2138 Reges
267 2073 386 2122 dicuntur
395 2075 479 2123 multis
489 2089 577 2140 urgere
585 2075 698 2136 emulus,

177 2145 209 2192 Et
218 2154 335 2207 torquere
344 2161 427 2206 mero,
437 2161 512 2210 quem
521 2147 675 2211 perspexisse
684 2146 811 2208 luberent,

178 2214 221 2263 An
231 2216 264 2263 sit
272 2215 377 2263 amicitii
386 2216 488 2281 dignus:
498 2218 519 2265 si
528 2218 636 2265 carmina
645 2218 749 2278 condes,

178 2285 324 2350 Numquam
334 2297 359 2334 te
368 2286 453 2334 fallent
462 2289 538 2334 animi
547 2288 594 2335 sub
603 2289 679 2352 vulpe
689 2289 797 2336 latentes:

180 2355 320 2416 Quinctilio
331 2357 351 2404 si
361 2356 423 2420 quid
432 2359 559 2418 recitares,
569 2359 682 2421 Corrige,
691 2357 776 2425 sodes,

180 2426 248 2484 Hoc,
257 2425 348 2486 aiebat,
360 2437 384 2474 et
393 2427 451 2474 hoc.
464 2427 553 2474 Melius
563 2437 587 2474 te
595 2442 668 2491 posse
676 2442 790 2490 negares,

180 2495 222 2543 Bis
231 2507 319 2560 terque
328 2507 458 2560 expertum
468 2497 572 2545 frustrl:
583 2498 663 2545 delere
671 2497 785 2559 jubebat,

180 2567 212 2612 Et
221 2566 283 2613 meli
293 2577 405 2614 tornatos
414 2568 500 2616 incudi
509 2568 610 2615 reddere
620 2583 713 2615 versus.

181 2636 207 2685 si
217 2636 347 2684 defendere
357 2636 488 2698 delictum,
498 2638 572 2701 qndm
582 2647 691 2698 vertere,
701 2637 799 2698 melles,

163 2701 165 2706 ¹
180 2706 287 2756 Nullum
297 2705 361 2753 ultrl
371 2707 489 2768 verbum,
502 2719 545 2754 aut
554 2723 654 2772 operum
664 2708 777 2756 sumebat
785 2709 896 2768 inanem,

181 2777 252 2837 Quin
261 2777 314 2824 sine
323 2777 394 2824 rivali
404 2787 477 2840 teque
487 2789 511 2826 et
521 2789 563 2824 tna
573 2777 641 2826 solus
650 2795 749 2826 amares.

180 2847 227 2893 Vir
235 2846 317 2893 bonus
329 2858 354 2894 et
362 2847 473 2912 prudens
482 2865 568 2895 versus
578 2850 741 2912 reprehendet
751 2850 855 2909 inertes,

182 2915 298 2981 Culpebit
310 2917 400 2979 duros,
410 2919 545 2982 incomptis
553 2919 637 2967 allinet
646 2929 728 2967 atrum
