2176 3540
361 335 609 386 SATIRARUM
626 339 701 390 ΗΒ.
717 341 756 389 11.
864 349 915 395 aod

191 425 273 485 Nam,
282 425 399 489 quumvis
408 424 496 474 referta
506 429 611 476 memori
620 428 684 476 mihi
692 440 794 494 pectore
802 444 906 495 cuncta,

191 497 254 546 Nou
262 507 348 543 tamen
356 497 479 560 interpres
488 499 644 546 tantumdem
653 499 759 562 juveris:
769 502 832 550 adde

192 567 303 614 Vultum
310 566 476 630 habitumque
482 567 604 627 hominie3
612 586 687 632 quem
695 582 724 618 tu
731 563 821 620 vidisse
827 573 914 623 beatur

192 636 254 685 Nou
264 639 348 700 magui
356 637 459 702 pendis,
469 638 528 701 quia
536 640 653 704 contigit:
663 651 689 689 at
697 643 760 690 mihi
769 659 828 692 cura

193 707 254 755 Nou
264 707 396 756 mediocria
404 709 470 756 ineat
478 709 561 756 fontes
569 721 599 757 ut
607 711 674 759 adire
683 725 793 764 remotos

193 779 279 844 Atque
288 779 388 826 haurire
398 793 486 843 queam
496 780 554 828 vitae
562 793 685 846 praeopta
692 782 778 832 beatae.

201 941 903 969 mmmwmwmm

423 1055 619 1124 SATIRA
641 1058 687 1126 V.

478 1219 496 1250 c
503 1219 518 1250 u
524 1219 542 1250 r
549 1219 579 1252 aa
587 1217 601 1249 u
609 1219 629 1251 a.

192 1235 277 1322 Hoc
287 1287 403 1338 quoque,
412 1273 518 1334 Tiresia,
527 1285 617 1338 praeter
626 1285 736 1336 narrata,
744 1279 842 1340 petenti

193 1345 341 1408 Responde,
351 1345 444 1409 quibua
453 1345 554 1392 amissas
562 1361 674 1409 reparare
684 1362 774 1410 queam
783 1363 822 1397 rea
890 1346 892 1349 ’

194 1415 299 1464 Artibus
308 1424 383 1482 atque
393 1415 482 1464 modia.
498 1416 568 1478 Quid
576 1415 656 1464 rides?

467 1501 484 1533 'r
491 1503 501 1533 r
507 1501 545 1534 ur
555 1503 608 1536 ara
615 1505 634 1536 a.

667 1561 684 1606 J
684 1575 756 1608 amne
765 1561 855 1610 doloro

192 1627 253 1676 Nou
261 1629 319 1676 satia
328 1639 367 1676 eat
375 1627 486 1676 Ithacam
495 1628 593 1690 revehi,
602 1629 746 1694 patriosque
755 1634 857 1680 Penatee

192 1700 325 1764 Aspioere?

476 1785 626 1818 cursare

346 1843 370 1889 0
379 1841 442 1890 nulli
453 1842 591 1906 quidquam
602 1840 719 1900 mentite,
728 1839 798 1888 vider
807 1851 838 1889 ut

190 1911 283 1962 Nudus
291 1912 415 1976 inopsque
424 1912 529 1960 domum
539 1912 651 1970 redeam,
659 1921 684 1958 te
692 1922 761 1970 vate3
770 1927 853 1974 neque
860 1911 911 1962 illie

190 1983 245 2032 Aut
254 1983 375 2047 apotheca
383 1984 465 2047 pr'ooia
473 1983 565 2030 intacta
574 1991 624 2042 eat,
633 1990 677 2029 aut
686 1997 775 2046 pecua:
785 1983 856 2048 atqui

190 2055 223 2103 Et
231 2070 324 2119 genua,
332 2064 361 2101 et
366 2055 461 2114 virtue,
470 2054 519 2100 uisi
527 2069 586 2101 oum
596 2069 637 2114 re,
646 2053 720 2102 vilior
728 2052 781 2119 aigi
790 2059 835 2103 eat.

468 2139 632 2172 Μυκη.
850 2164 854 2176 .

190 2195 301 2258 Quando
310 2195 468 2260 pauperiem,
478 2195 557 2243 missis
566 2193 724 2260 ambagibus,
732 2197 833 2258 horrea,

190 2267 282 2330 Accipe
292 2266 342 2330 qud
350 2267 447 2314 ratione
456 2281 531 2330 quoae
542 2266 668 2315 ditescere.
681 2267 794 2320 Turdue¹

99 2323 107 2343 ’
189 2337 247 2386 Sive
256 2337 324 2385 aliud
332 2337 436 2401 privum
444 2336 544 2386 dabitur
553 2331 612 2396 tibi3
623 2337 723 2386 devolet
732 2338 792 2385 illuc
802 2371 804 2375 ‚

189 2410 240 2456 Rea
249 2407 294 2456 ulti
304 2423 392 2472 magua
400 2408 477 2469 nitet,
486 2408 590 2456 domino
599 2424 668 2455 eene:
681 2407 762 2454 dulcia
770 2423 859 2468 poma,

189 2478 222 2526 Et
231 2495 405 2544 quoecumque
416 2479 478 2527 feret
486 2479 569 2526 cultus
579 2477 626 2524 fibi
635 2476 730 2523 fundus
739 2477 864 2536 honores,

188 2550 256 2597 Ante
265 2551 351 2597 Larem
361 2560 444 2614 gustet
452 2547 618 2597 venerabilior
627 2549 687 2593 Lare
697 2544 780 2591 diveat

188 2621 242 2682 Qui
251 2622 364 2684 quamvis
373 2621 491 2684 perjurus
501 2620 560 2679 erit,
570 2618 623 2664 eine
632 2626 718 2680 gente,
727 2625 848 2666 cruentat

188 2693 314 2756 Sanguine
324 2690 447 2751 fraterno,
456 2690 592 2756 fugitivua3
602 2703 636 2735 nc¹
644 2697 728 2734 tamen
736 2685 772 2734 illi
809 2687 811 2691 ’
861 2699 865 2708 ’

187 2763 228 2810 Tu
238 2778 321 2810 comer
330 2763 453 2823 exterior,
462 2763 484 2809 ri
493 2759 616 2824 postulet,
625 2759 661 2806 irc
671 2774 776 2807 recuses.

474 2845 623 2878 carrara.
752 2879 757 2888 ,

187 2905 254 2970 Utue
263 2915 345 2968 tegam
354 2903 446 2966 spurco
456 2904 540 2949 Damae
549 2901 630 2951 latur?
640 2899 709 2948 haud
717 2900 752 2950 ita
761 2899 844 2963 Troiae
890 2927 893 2932 -

184 2975 228 3023 Me
238 2976 314 3041 gessi,
324 2985 422 3024 certans
430 2989 528 3040 semper
539 2971 692 3021 melioribus.
