2176 3540
307 343 608 393 EPISTOLARUM
628 347 701 393 LlB.
724 348 743 393 1.
834 347 883 403 2'43

162 437 193 482 In
202 431 283 480 triviis
292 429 373 479 lixum
382 447 462 494 quum
472 449 497 480 se
506 433 614 480 demittit
624 433 657 481 ob
666 446 757 492 amem,

162 507 225 554 Non
232 503 318 550 video:
329 517 387 548 nam
396 503 441 564 qui
450 504 546 566 cupiet,
555 515 650 551 metuet
659 519 774 568 quoqne;
782 507 873 568 porro,

163 574 219 635 Qui
227 583 341 620 metuens
351 572 427 632 vivit,
435 572 497 636 liber
506 574 567 620 mibi
576 589 628 622 non
638 576 685 622 erit
694 589 822 638 umquam.

165 643 277 692 Perdidit
286 658 366 702 arma,
374 642 458 690 locum
468 644 569 691 virtutis
579 645 700 705 deseruit,
710 647 754 709 qui

164 716 268 777 Semper
276 713 304 759 in
313 711 423 777 sugendi
432 713 533 762 festinat
541 726 565 762 et
575 714 692 763 obruitur
700 731 735 762 re.

164 783 280 830 Vendere
290 798 369 845 quum
378 784 458 846 possis
468 785 610 848 captivum,
619 785 731 832 occidere
740 786 804 833 noli:

165 854 262 902 serviet
271 852 377 900 utiliter:
390 853 442 900 sine
451 865 535 917 pascat
543 854 622 902 durus
630 865 745 918 aretqne;
801 856 805 866 “

164 924 271 987 Naviget
280 938 307 970 ae
315 923 402 970 mediis
412 923 505 972 hiemet
515 935 635 972 mercator
643 925 671 972 in
680 926 767 983 undis3

165 991 280 1040 Annonae
290 994 382 1056 prosit:
392 1005 477 1056 portet
486 993 609 1042 frumenta
619 1010 757 1058 penusque.

166 1064 212 1111 vir
221 1063 304 1110 bouus
313 1073 337 1110 et
346 1065 441 1127 sapiens
451 1064 552 1112 audebit
559 1065 654 1117 dicere:
664 1066 792 1124 Pentheo,

165 1134 259 1181 nector
268 1132 424 1193 Thebarum,
436 1133 499 1197 quid
508 1151 547 1181 me
556 1133 664 1198 perferre
673 1137 775 1199 patique

124 1194 140 1202 '¹
164 1203 300 1268 Indignum
310 1205 396 1267 coges?
403 1231 439 1240 -
446 1204 561 1252 Adimam
570 1205 645 1253 bona.
653 1233 687 1242 -
694 1207 790 1269 Nempe
797 1221 885 1270 pecus,

253 1289 321 1332 rem,

166 1345 267 1402 Lectos,
278 1354 419 1407 argentum:
431 1344 500 1392 tollas
509 1337 574 1392 licet.
584 1371 620 1381 -
628 1348 657 1392 In
667 1347 768 1393 manicis
777 1355 803 1393 et

167 1412 339 1476 Compedibus
348 1429 413 1462 saevo
423 1425 448 1462 te
457 1415 504 1462 sub
514 1415 616 1464 custode
626 1416 724 1464 tenebo.
734 1445 770 1454 -

166 1485 223 1545 Ipse
233 1484 314 1543 Deus,
324 1484 478 1548 simulatque
485 1485 580 1547 volam,
589 1503 628 1535 me
637 1488 723 1536 solvet.
730 1515 766 1524 --
773 1487 884 1552 Opinor,

167 1553 222 1600 Hoc
231 1554 319 1601 sentit:
330 1555 437 1613 Moriar:
447 1571 514 1604 mors
524 1557 610 1605 ultima
620 1559 684 1606 linea
692 1575 776 1606 rerum
786 1569 831 1605 est.

177 1711 643 1738 mmmmm
643 1719 876 1738 mmmmmm

299 1828 582 1896 EPISTOLA
613 1830 755 1895 XVII.

385 1975 442 2022 An
465 1974 670 2024 scauvam.

172 2075 352 2187 Quartus,
362 2116 456 2176 Sava,
465 2117 523 2164 satis
531 2131 577 2180 per
585 2126 610 2164 te
619 2116 665 2165 tibi
674 2115 796 2178 consulis,
805 2125 831 2164 et
839 2117 886 2165 scis

171 2183 230 2244 Quo
240 2183 339 2231 tandem
349 2195 422 2249 pacto
431 2185 514 2234 deceat
524 2185 660 2249 majoribus
669 2189 721 2248 uti,

170 2254 255 2313 Disce,
264 2253 392 2302 doeendus
401 2255 496 2317 adhuc,
506 2273 561 2320 quae
570 2271 653 2307 censet
661 2258 796 2317 amiculus:
805 2267 835 2306 ut
844 2260 864 2306 si

171 2322 255 2371 Coecus
264 2325 312 2371 iter
321 2335 457 2374 monstrare
466 2327 538 2374 velit:
549 2339 631 2376 tamen
639 2330 719 2392 aspice
730 2329 751 2374 si
760 2329 822 2390 quid

170 2391 268 2453 lituos,
278 2394 347 2457 qnod
356 2411 428 2443 cures
436 2398 568 2461 proprium
577 2398 674 2459 fecisse,
683 2399 824 2459 loquamur.
925 2417 927 2425 ’

171 2463 197 2510 Si
206 2474 230 2511 te
239 2465 305 2527 gr'ata
316 2466 386 2528 quies
397 2477 421 2513 et
430 2469 536 2530 primam
546 2483 649 2514 somnus
658 2469 686 2514 in
695 2466 782 2513 boram

171 2533 294 2592 Delectat;
305 2535 326 2582 si
336 2545 359 2582 te
368 2536 451 2599 pulvis
461 2538 629 2601 strepitusque
637 2547 763 2594 rotarum,

171 2604 196 2652 si
205 2603 273 2651 ledit
282 2619 407 2668 caupona,
416 2604 576 2663 Ferentinum
586 2608 620 2653 ire
630 2605 735 2668 jubebo:

171 2673 234 2720 Nam
244 2689 325 2739 neque
335 2675 454 2726 divitibus
463 2678 614 2742 contingunt
623 2676 710 2741 gaudis
720 2675 790 2735 solis:

171 2744 223 2792 Neo
231 2744 295 2792 vixit
306 2745 380 2807 mali,
391 2748 436 2810 qni
444 2758 517 2794 natus
527 2749 685 2811 moriensque
695 2746 787 2796 fefellit.

170 2814 197 2862 si
206 2815 323 2877 prodesse
332 2818 396 2877 tuis,
405 2817 530 2881 pauloque
539 2817 671 2882 benignius
680 2819 763 2882 ipsum

171 2884 206 2930 Te
216 2895 319 2932 tractare
328 2886 409 2947 voles,
419 2887 517 2936 accedes
527 2889 605 2936 siccus
615 2887 645 2935 ad
654 2899 768 2936 unctum.
777 2913 812 2924 -·-
