2190 3546
190 271 223 325 tls>
352 275 384 335 Q.
402 274 580 324 nomn
598 275 744 324 mccl

258 359 387 410 Oblivioso
398 364 467 412 laevia
476 365 583 410 Massico

259 431 357 479 Ciboria
366 434 438 496 exple
446 450 452 480 :
462 432 539 480 funde
548 432 677 496 capacibus

293 503 426 564 Unguenta
437 503 468 550 de
477 503 585 550 conchis.
598 503 662 564 Quis
673 501 724 550 udo

327 573 497 636 Depropersre
508 574 565 636 apio
575 588 679 621 coronas

260 711 366 759 Curatve
375 723 457 776 myrto
466 714 477 760 l
485 729 561 777 quem
569 707 656 760 Venus
665 710 786 759 arbitrum

258 781 330 828 Dicet
339 781 458 830 bibendi?
472 783 530 830 Non
541 799 586 845 ego
596 779 680 829 sanius

292 851 433 900 Bacchsbor
441 854 533 901 Edonis
545 869 550 900 :
560 863 659 915 recepto

327 923 406 970 Dulce
416 923 478 972 mihi
487 923 569 971 furere
578 933 614 970 est
624 922 710 968 amico.
807 923 813 934 ‘

196 1113 894 1144 Wmmmmnmwvwwvwvwwmfflm

410 1277 522 1344 ODE
554 1275 679 1344 VIII.

414 1413 679 1461 tonsarum.
766 1409 770 1416 ’

275 1514 379 1618 Urit
388 1554 409 1600 si
417 1549 479 1615 juris
489 1553 534 1600 tibi
543 1548 646 1616 pejerasti

275 1624 362 1682 Poena,
371 1624 474 1683 Barim,
483 1625 608 1671 nocuisset
618 1637 752 1687 umquam

275 1693 355 1742 Dente
364 1695 385 1742 si
394 1695 467 1758 nigro
478 1692 549 1740 fieres
558 1693 598 1740 vel
610 1709 663 1740 uno

448 1764 557 1828 Turpior
565 1763 645 1828 ungui
652 1779 659 1821 ;

276 1905 413 1954 Crederem.
427 1907 475 1954 Sed
484 1918 521 1966 tu,
531 1907 606 1952 simul
615 1903 728 1967 obligasti

274 1973 400 2022 Perfldnm
410 1977 475 2023 votis
483 1986 573 2037 caput,
582 1975 694 2019 enitescis

274 2043 405 2090 Pulchrior
415 2044 507 2100 mdes,
516 2043 686 2104 juvenumque
695 2041 781 2104 prodis

449 2111 549 2158 Publica
558 2125 623 2157 cura.

274 2250 380 2314 Expedit
389 2252 473 2299 nistris
482 2253 575 2300 cineres
584 2263 684 2316 opertos

274 2321 381 2381 Fallere,
390 2333 415 2369 et
425 2334 479 2370 toto
490 2323 612 2370 taciturus
620 2323 702 2370 noctis

275 2391 415 2455 signaculis
425 2393 502 2451 ooelo,
513 2392 640 2456 gelidique
651 2389 722 2438 divos

449 2464 531 2510 Morte
538 2473 657 2510 ¹carentes.

275 2601 349 2648 Ridet
357 2601 419 2662 hoc,
427 2604 542 2666 inquam,
552 2605 638 2650 Venus
647 2602 711 2665 ipsa;
721 2600 803 2646 rident
834 2593 839 2596 ’

276 2671 403 2732 Simplices
412 2673 548 2734 Nymplue‚
559 2672 626 2719 lesus
636 2681 660 2718 ct
670 2671 781 2732 Cupido,

276 2740 377 2802 Semper
385 2741 497 2788 ardentes
506 2757 595 2788 acuens
604 2741 701 2803 sagittas

449 2810 510 2858 Cute
519 2810 627 2858 cruenti.
666 2821 671 2830 ’
