2176 3540
190 331 241 366 ,η
353 317 386 378 Q.
404 312 749 382 norsrrrrrsccr

186 406 253 453 Duci
261 417 349 454 ventre
357 406 451 464 levem
459 419 548 452 ussum
557 403 646 452 nidore
658 404 776 467 supinor3

187 475 342 538 Imbecillus,
350 477 431 536 iners,
441 475 462 523 si
472 475 534 540 quid
543 474 595 536 vis,
604 473 679 536 adde,
688 475 795 540 popino.

188 547 241 608 Tu,
250 561 330 611 quum
339 548 373 594 sis
382 545 453 611 quod
462 561 522 612 ego,
531 556 557 594 et
566 545 677 594 fortussis
686 547 807 611 nequior,
816 545 886 595 ultro

185 619 322 679 Inseotere,
333 619 404 666 velut
415 617 504 666 melior
511 616 662 680 iverbisqus
673 617 770 666 decoris

186 687 312 737 obvolvas
321 687 430 737 titium?
444 688 528 750 Quid,
536 690 556 736 s'i
566 703 607 736 rue
616 689 719 737 stultior
728 689 786 752 ipso

186 759 339 824 Quingenti·
347 770 434 824 empto
445 759 582 819 drachmis,
591 757 770 823 deprenderis?
778 758 861 806 Aufer

186 831 229 877 Me
239 830 314 879 vultu
323 842 427 890 terrem
438 845 541 878 manum
551 829 760 895 stomachumque
771 839 870 891 teneto,

186 900 269 962 Dum,
278 917 334 965 quse
344 901 454 966 Crispini
463 901 550 949 docuit
560 917 599 948 me
608 900 714 963 janitor,
723 901 778 950 edo.

186 972 221 1018 Te
231 971 326 1034 conjux
336 973 413 1022 alieno
423 973 501 1037 cupit,
511 971 669 1019 meretricula
677 973 787 1020 Dorum.

186 1043 274 1090 Pecoot
284 1053 340 1091 uter
349 1041 465 1092 nostrum
475 1057 548 1090 cruce
558 1041 675 1106 dignius?
684 1043 746 1090 sctis
756 1041 800 1090 ubi
811 1057 851 1089 me

186 1113 282 1161 Natura
291 1113 415 1174 incendit,
425 1113 472 1162 sub
482 1111 545 1162 clsrl
554 1112 623 1160 nuds
632 1112 733 1160 lucerul

187 1184 360 1250 Quoscumque
369 1187 467 1249 excepit
477 1184 600 1248 turgentis
608 1183 710 1232 verbero
720 1183 803 1232 osudae

187 1253 328 1316 clunibus,
338 1265 382 1303 aut
391 1256 494 1319 agitavit
502 1269 596 1318 equum
605 1255 696 1302 lesciva
705 1255 839 1318 supinum,

185 1325 299 1373 Dimittit
309 1341 392 1390 neque
402 1325 631 1388 lsmosum,neque
643 1325 780 1374 sollicitum
789 1341 822 1373 ne

186 1394 269 1442 Ditior
279 1406 323 1442 sut
332 1395 419 1443 formu
429 1395 539 1444 melioris
550 1396 626 1443 meist
635 1395 736 1455 eodem

185 1465 238 1526 Tu,
247 1481 328 1528 quum
338 1464 457 1528 projectis
466 1465 622 1529 insignibus,
630 1466 725 1516 annulo
735 1468 861 1532 equestri,

185 1534 351 1599 Romanoque
360 1533 463 1597 habitu,
473 1535 562 1601 prodis
571 1551 603 1584 cx
613 1536 696 1599 judice
706 1540 785 1586 Dema

185 1606 291 1669 Turpis,
301 1606 434 1654 odoratum
444 1618 520 1672 caput
529 1607 680 1656 obscurante
689 1607 799 1670 lacer-nt,

182 1674 243 1724 Nou
253 1691 278 1723 es
287 1675 359 1742 quod
369 1677 488 1726 simulas?
501 1679 619 1726 Metuens
628 1678 768 1741 induceris,
777 1689 854 1744 utque

188 1747 329 1796 Altercaute
339 1747 488 1797 libidinibus
497 1749 582 1797 tremis
592 1765 647 1796 ossa
654 1765 754 1813 pavore.
767 1769 769 1774 ·

185 1818 257 1880 Quid
265 1817 354 1880 refert,
363 1821 404 1867 uri
413 1819 490 1884 virgis
500 1819 618 1884 ferroque
627 1821 710 1867 necari

185 1888 338 1937 Auctoratus
348 1905 387 1938 cus
394 1907 401 1948 ;
409 1905 441 1938 an
451 1892 521 1955 turpi
529 1890 629 1938 clausus
637 1891 665 1938 iu
673 1888 741 1951 orel,

186 1960 246 2022 Qub
254 1970 279 2006 te
290 1960 389 2020 demisit
397 1962 491 2025 p'cccsti
500 1962 598 2009 conscio
607 1961 695 2010 herilis

185 2030 348 2078 Contractum
355 2064 363 2092 ,
371 2031 477 2095 genibus
488 2043 573 2096 tangas
583 2035 677 2097 ceput?
689 2031 864 2088 Fstuerusrito

184 2102 307 2148 Matronte
315 2103 441 2165 peccantis
450 2103 478 2149 in
487 2102 563 2150 ambo
571 2102 637 2165 justu
648 2102 776 2174 potestas?

183 2172 213 2218 Iu
222 2179 398 2233 corruptorem
407 2171 448 2219 vel
457 2171 559 2236 justior.
571 2174 616 2222 llls
626 2185 710 2222 tumen
719 2189 745 2221 se

183 2241 243 2289 Non
251 2239 342 2289 habitu
352 2251 463 2289 mutatve
472 2243 542 2304 loco,
551 2255 669 2308 peccatve
681 2243 803 2309 superne,

184 2311 273 2372 Quum
281 2322 305 2360 te
315 2311 434 2360 formidet
444 2313 547 2373 mulier,
556 2331 639 2380 neque
648 2315 732 2363 credet
741 2314 841 2362 umenti.

182 2382 234 2432 Ibis
243 2383 291 2432 sub
300 2383 397 2432 furcam
405 2383 532 2448 prudeus,
544 2385 699 2450 dominoque
710 2384 806 2434 furenti

184 2454 330 2504 Committes
340 2469 393 2503 reru
404 2471 505 2504 omnem
514 2467 540 2504 et
551 2456 628 2505 vitssu
637 2468 663 2505 et
672 2472 731 2504 cum
741 2470 847 2520 corpore
857 2454 893 2502 fo-

289 2543 354 2574 usum

182 2595 282 2642 Evssti?
292 2609 401 2658 metues,
410 2597 497 2658 credo,
507 2597 647 2662 doctusque
656 2597 767 2645 cavebis:

183 2665 286 2724 Quaeres
295 2667 397 2729 quondo
407 2669 499 2716 iterum
508 2683 611 2732 parces,
620 2669 764 2732 iterumque
774 2668 856 2731 perire

182 2735 273 2782 Possis.
288 2739 311 2784 0
322 2737 396 2785 toties
406 2741 506 2787 servus!
523 2740 587 2801 Quto
595 2739 679 2788 bellua
688 2739 784 2804 ruptis,

183 2805 272 2866 Quum
281 2808 357 2855 semel
366 2806 468 2872 elingit,
477 2809 560 2858 reddit
569 2827 595 2858 se
603 2824 679 2875 preve
690 2808 800 2858 cetenis?
