2180 3518
208 285 254 332 15⁸
365 283 398 342 Q.
416 279 756 340 nominantem
809 327 814 360 ,

204 371 277 418 Pulsa
286 370 377 418 domus
385 369 493 433 strepitu
500 383 612 431 resonet,
622 373 663 420 vel
670 374 759 436 pallida
767 375 830 422 lecto
925 426 928 431 ,

203 441 308 488 Desiliatv
313 439 413 500 mulier,
422 441 536 490 miserem
545 441 571 488 se
580 443 786 502 consciscerem

205 511 324 558 Cmribns
332 511 385 560 haec
393 520 502 569 metuat,
510 510 565 558 doti
574 511 704 574 deprensa3
713 526 810 577 egomet
819 517 864 562 mi.

166 636 173 651 x
203 580 328 628 Discincti
338 578 421 628 tunici
431 579 579 643 fugiendum
589 592 639 641 est,
649 599 676 630 ac
685 583 747 646 pede
755 584 838 642 nud03

202 649 240 697 Ne
252 650 350 698 nummi
357 661 473 713 peream,
483 662 526 698 aut
534 667 612 714 pyga,
621 663 666 700 aut
674 653 781 715 denique
790 654 862 700 lama.

197 720 327 783 Deprendi
336 721 454 768 miserum
463 731 512 768 est:
523 720 599 768 Fabio
607 721 646 768 vel
655 720 736 782 jndice
746 723 853 770 vincam.

811 886 910 908 mm

405 995 598 1062 statua
628 963 712 1061 111:

201 1103 269 1190 On
275 1159 364 1190 niens
373 1143 422 1192 boc
430 1143 520 1190 vitium
530 1141 731 1201 cucumeribus,
740 1143 804 1190 inter
813 1145 911 1190 amicos

201 1215 237 1260 Ut
245 1229 382 1276 numquam
391 1213 632 1270 inducantanimum
640 1223 737 1260 centens
747 1213 839 1274 togati,

200 1282 291 1343 Iniussi
299 1299 436 1346 numquam
447 1283 572 1330 desistant.
586 1281 679 1330 Sardus
686 1281 791 1328 habebat
851 1277 854 1281 ’

198 1351 242 1398 Ille
252 1352 369 1415 Tigellius
378 1353 439 1400 boe·
450 1353 541 1411 sacer,
550 1354 594 1416 qni
603 1367 689 1414 cogere
698 1363 794 1414 posset,

199 1422 225 1470 Si
234 1433 330 1485 peteret
338 1437 383 1485 per
392 1423 524 1470 amicitiam
534 1423 611 1486 patris
619 1433 693 1484 atque
702 1438 785 1480 suam,
794 1438 847 1470 uon

200 1491 345 1554 Quidquam
354 1491 496 1555 proficeret:
507 1493 527 1542 si
537 1492 700 1550 collibuisset,
711 1491 741 1538 ab
751 1507 800 1538 ovo

198 1563 283 1624 Usque
293 1561 324 1608 ad
333 1563 395 1610 mala
404 1552 502 1622 cimel,
511 1564 540 1610 lo
548 1561 657 1620 Bacche,
667 1561 742 1608 modb
752 1561 851 1608 summi

198 1633 280 1691 Voce,
289 1633 365 1680 modb
373 1631 420 1679 hic
429 1644 528 1692 resonat
538 1631 702 1695 qnoecliordis
711 1642 819 1694 quatuor
829 1631 886 1680 imi.

197 1701 240 1750 Nil
249 1702 342 1766 aequale
351 1703 449 1750 bomini
458 1702 507 1750 luit
515 1703 564 1750 illi:
576 1702 640 1765 saepe
649 1701 718 1749 velut
727 1701 773 1764 qni

199 1773 319 1821 Currebat
328 1772 426 1836 fugiens
433 1774 532 1821 boetem
539 1791 547 1830 ς
553 1771 662 1835 peesoepi
672 1771 743 1818 velut
751 1772 795 1834 qni

197 1845 214 1889 J
215 1844 306 1892 nnonis
316 1859 382 1891 sacra
391 1843 476 1890 ferret:
485 1841 594 1890 habebat
601 1842 664 1905 saepi
674 1840 806 1900 ducentos,

197 1915 267 1976 Seps
277 1913 361 1961 decem
370 1930 466 1962 servos:
476 1911 552 1966 modb
562 1928 629 1976 reges
639 1921 712 1973 atque
722 1911 867 1970 tetrarchas,

196 1983 287 2030 Omnia
292 1999 379 2047 magna
383 1983 487 2046 loquens
494 1998 500 2039 ς
508 1983 584 2030 modb
591 1983 623 2029 sit
631 1981 693 2028 mihi
699 1997 782 2028 meuse
789 1982 879 2044 tripes,
886 1995 918 2030 et

198 2053 297 2099 Concha
307 2054 362 2099 salis
372 2054 478 2115 pnri‚et
486 2063 556 2114 tege,
566 2068 621 2116 quae
630 2050 760 2098 defendere
771 2050 863 2114 frigus,
896 2089 898 2094 .

197 2121 319 2180 Quamvis
328 2137 418 2182 erasm,
428 2133 509 2186 queat.
526 2123 612 2172 Decies
621 2131 727 2170 censen
733 2121 839 2170 dedisses

195 2192 261 2237 Huic
269 2208 343 2254 parco
352 2193 437 2256 paucis
447 2203 579 2252 contento,
589 2191 700 2255 quinque
711 2191 798 2239 diebus
879 2203 881 2208 '

194 2261 238 2310 Nil
248 2273 298 2310 erat
307 2262 334 2310 in
343 2263 441 2310 loculis:
451 2273 537 2311 noctes
546 2263 662 2326 vigilabat
671 2261 793 2324 adipsum

195 2333 282 2390 Manc3
292 2332 356 2380 diem
366 2344 444 2382 totam
453 2333 582 2382 stertebat:
593 2333 629 2380 nil
638 2331 687 2378 fnit
697 2347 816 2394 umquam

186 2403 234 2450 .Sic
243 2403 322 2467 impar
331 2403 385 2450 sibi.
399 2403 473 2450 Nunc
482 2403 571 2466 aliquis
581 2403 645 2450 dicat
654 2402 728 2448 mihi:
738 2401 854 2462 —,Qnid
864 2406 917 2450 tu?

194 2474 300 2522 Nullane
306 2473 382 2522 habes
389 2474 590 2522 videl-Immo
597 2473 655 2532 alia,
662 2481 687 2518 et
693 2471 796 2518 fortasse
803 2471 916 2521 minora.

193 2545 298 2591 Maenins
309 2545 435 2592 absentem
444 2545 556 2592 Novium
566 2555 645 2606 quum
655 2553 778 2604 carperem
787 2538 856 2588 Heus
866 2552 918 2603 tu,

194 2613 302 2672 Quidam
313 2616 360 2673 ait,
367 2616 467 2678 ignores
477 2615 516 2660 te?
525 2629 557 2660 au
566 2624 596 2660 ut
603 2615 719 2676 ignotum
728 2611 785 2658 dare
795 2611 869 2658 nobis

192 2681 275 2728 Verba
282 2685 371 2744 putas?
383 2687 488 2747 Egomet
497 2683 531 2730 ml
539 2684 655 2746 ignosco,
665 2681 770 2728 Maeuius
780 2682 871 2743 inquit.

193 2751 290 2799 Stultus
299 2762 323 2799 et
332 2753 462 2816 Mprobns
472 2753 512 2800 bic
521 2769 589 2802 amor
600 2764 649 2812 est,
660 2751 906 2816 ffigmsqmmuri.

193 2821 280 2883 Quum
290 2833 335 2893 tua¹
341 2823 469 2886 pervideas
478 2823 556 2872 oculis
567 2823 628 2872 mala
637 2823 722 2888 lippus
731 2819 855 2894 inunctis,
