2176 3540
325 317 626 368 EPISTOLARUM
648 319 720 368 LIB.
742 320 762 367 1.
853 321 908 376 2451

177 433 190 454 ι
202 409 237 456 Et
245 407 308 455 mihi
317 405 423 455 dividuo
432 405 541 454 findetur
549 423 652 455 innuere
661 407 762 470 quadra.
772 427 784 450 s

179 479 235 528 Sed
243 479 332 526 tacitus
340 478 407 542 pasci
417 478 438 524 si
446 487 529 541 posset
537 493 641 537 cortus,
648 478 751 526 haberet

179 550 246 598 Plus
254 549 335 612 dapis,
345 558 369 594 et
379 549 439 595 rixae
447 547 527 595 multd
536 549 632 609 minus,
642 548 799 612 invidiaeque.
904 578 906 582 -

181 619 358 667 Brundusium
365 633 448 665 comes
458 627 501 664 rut
510 619 658 666 Surrentum
665 619 756 668 duetus
764 633 904 681 amoenum,

185 689 241 750 Qui
251 690 365 751 queritur
374 687 478 736 salebras
487 698 512 734 et
521 688 637 735 acerbum
646 689 724 752 frigus
733 700 758 738 et
767 690 871 751 imbres,

183 761 241 808 Aut
249 759 334 806 cistam
343 757 469 806 effractum
479 765 522 805 unt
530 758 652 805 subducta
660 760 747 807 viatico
756 759 851 824 plorat,
875 776 878 784 ·

185 829 253 879 Nota
263 828 336 875 refert
346 828 479 875 meretricls
488 829 612 889 acumine,
622 830 685 892 sape
694 829 816 891 cutellum,

186 900 257 962 Saepe
266 896 434 963 periscelidem
443 909 537 961 ruptam
548 898 594 945 sibi
603 898 698 958 flentis3
710 901 747 947 uti
756 917 815 948 mox

187 969 262 1019 Nulla
272 967 333 1016 fides
344 968 439 1016 damnis
448 969 563 1031 verisque
573 967 701 1016 doloribus
710 969 781 1018 adsit.

188 1041 241 1088 Nec
251 1039 325 1086 semel
334 1039 419 1086 irrisus
428 1038 508 1086 triviis
517 1037 627 1086 attollere
636 1051 707 1086 curat

188 1113 275 1157 Fracto
284 1125 356 1156 crure
364 1108 481 1173 plsnnm3
492 1106 549 1155 licet
557 1108 593 1156 illi
601 1108 707 1172 plurimu
716 1121 799 1158 menet
880 1113 883 1123 ¹

138 1231 142 1239 ,
189 1182 319 1243 Loryma
327 1196 373 1243 per
380 1189 493 1227 sanctum
502 1178 599 1240 juratus
609 1178 673 1226 dicut
681 1181 787 1239 Osirim,

191 1249 303 1308 Credite,
311 1265 364 1296 nou
372 1243 446 1308 Iudo;
455 1249 580 1309 crudeles,
589 1247 667 1296 tollite
676 1249 801 1297 claudum.

190 1320 281 1381 Quare
290 1321 461 1384 peregrinum,
470 1319 561 1366 vicinia
569 1333 641 1366 rencs
650 1320 772 1368 reclamat.

306 1594 589 1662 EPISTOLA
623 1595 791 1664 XVIII.

415 1741 467 1788 sn
490 1739 689 1788 nonnose

193 1842 239 1930 St
247 1881 310 1928 bene
319 1889 344 1927 te
351 1881 424 1940 nori,
434 1891 542 1939 metues,
551 1877 674 1926 liberrime
683 1878 758 1938 Lolli,

195 1951 333 2002 scurrantis
343 1952 447 2014 speciem
456 1950 565 2014 prebere
574 1948 700 2012 professus
710 1948 824 1997 amicum.

195 2025 231 2070 Ut
240 2032 352 2069 matrone
361 2021 483 2068 meretrici
490 2020 574 2090 disper
583 2019 630 2066 erit
638 2029 712 2081 utque

196 2088 323 2150 Discolor,
331 2089 410 2139 infido
419 2105 509 2138 scurrae
519 2087 619 2136 distabit
628 2090 729 2138 amicus.

195 2162 306 2210 Esthuic
315 2161 440 2208 diversum
449 2161 511 2210 vitio
520 2161 611 2208 vitium
619 2161 698 2225 propi
708 2161 800 2225 majus,

196 2233 322 2297 Asperitas
331 2232 431 2296 agrestis
440 2229 465 2278 et
474 2231 621 2278 inconcinna
630 2233 773 2296 gravisque,

199 2304 262 2364 Quae
270 2319 295 2350 se
305 2301 462 2350 commendat
472 2299 542 2349 tonsi
551 2311 621 2360 ente,
631 2300 748 2349 dentibus
756 2303 828 2362 stris3

198 2376 266 2420 Dum
275 2371 331 2420 vult
340 2371 438 2418 libertas
449 2367 497 2418 dici
509 2385 587 2430 meru,
596 2383 703 2433 veruque
711 2372 800 2418 virtus.

198 2444 285 2491 Virtus
294 2453 330 2489 est
340 2438 451 2489 medium
461 2442 580 2499 vitiorum
589 2449 614 2486 et
622 2441 749 2502 utrimque
758 2439 896 2493 reductum.

199 2513 269 2561 Alter
277 2514 304 2559 in
314 2512 462 2576 obsequium
471 2510 527 2575 plus
536 2523 609 2576 aequo
618 2522 727 2572 pronus,
736 2517 761 2556 et
769 2509 813 2556 imi

200 2584 300 2631 Derisor
308 2582 379 2641 lecti,
388 2583 422 2628 sic
431 2592 522 2629 nutum
532 2579 617 2647 diuitis
626 2578 723 2638 horret,

200 2655 240 2702 Sic
248 2654 321 2701 iterat
328 2667 415 2712 voces,
427 2663 451 2700 et
459 2651 534 2698 verbu
542 2649 653 2698 cedentia
662 2648 740 2710 tollit,

200 2725 235 2771 Ut
242 2739 350 2788 puerum
360 2737 425 2770 saevo
434 2721 517 2770 creda
527 2721 616 2768 dictutu
625 2720 741 2784 magistro

198 2793 325 2853 Reddere,
334 2793 374 2840 vel
382 2804 464 2856 partes
474 2792 579 2840 mimum
588 2801 690 2839 tractare
700 2792 825 2841 sccundus.

201 2864 270 2912 Alter
278 2865 375 2912 rIxutur
384 2863 415 2909 de
423 2861 477 2910 lani
487 2862 549 2925 πρὸ
559 2860 670 2926 caprini,
759 2865 763 2872 '

772 2947 812 2976 21.
