2180 3518
317 317 563 368 SATIRARUM
580 317 654 365 ΗΒ.
674 320 695 364 1.
814 334 862 380 ¹79

139 412 182 457 Est
190 408 317 456 brevitate
326 422 405 468 opus,
415 416 444 451 ut
453 416 534 451 currat
543 405 675 463 sententia,
683 419 734 450 neu
743 420 769 452 ee

140 478 266 544 Impediat
276 476 357 524 verbis
366 475 438 522 lassas
447 473 607 522 onerantibus
616 483 695 521 aurea.

142 551 173 596 Et
182 563 300 596 sermone
309 562 374 608 opus
383 555 420 592 est
431 544 506 591 modh
515 544 593 603 tristi,
603 544 666 608 saepe
675 544 774 605 iocoso,

143 617 302 667 Defendente
312 617 390 662 vicem
401 614 477 661 modo
486 613 590 660 rhetoris
599 625 672 676 atque
681 616 774 676 poe'tae,

143 688 277 736 Interdum
287 685 389 743 urbani,
398 685 519 748 parcentis
527 683 635 743 viribus,
644 694 719 746 atquc
736 709 738 714 .

145 757 311 806 Extenuantie
322 771 361 802 eas
371 754 494 813 consulto.
507 751 651 800 Ridiculum
661 753 711 799 acri

145 827 247 876 Fortitis
258 836 284 872 et
292 823 381 872 melitis
391 839 491 887 magnas
500 824 648 886 plerumque
657 831 720 868 cecat
729 838 773 870 rea.

146 898 199 957 llli,
209 897 302 958 scripta
312 895 404 958 quibus
413 893 533 941 comoedia
542 893 622 956 prisca
630 892 690 937 viris
698 901 747 949 eet,

147 972 202 1016 Hoc
211 966 326 1023 stabant,
335 965 384 1012 hoc
394 974 453 1010 eunt
462 963 589 1019 imitandi3
599 977 662 1024 quos
671 975 752 1022 neque
760 960 864 1022 pulcher

147 1039 317 1098 Hermogenes
327 1049 446 1097 umquam
455 1033 527 1096 legit,
536 1048 617 1094 neque
627 1031 714 1077 simius
722 1030 781 1087 iate,

147 1110 191 1158 Nil
199 1112 290 1170 praeter
300 1105 404 1154 Calvum
414 1114 439 1150 et
448 1103 536 1150 doctus
545 1112 641 1148 cantare
652 1100 785 1148 Catullum.
794 1125 830 1134 -—

150 1185 184 1231 At
194 1193 314 1241 magnum
323 1175 394 1233 iecit,
404 1172 473 1237 quod
481 1171 563 1219 verbis
573 1171 656 1217 Graeca
665 1168 758 1216 Latinis

150 1250 261 1302 Miscuit.
270 1273 306 1283 -
314 1247 337 1294 Ο
347 1245 393 1292 seri
402 1243 555 1290 studiorum!
566 1241 641 1303 quine
650 1239 742 1302 putetis
787 1233 790 1243 '

151 1319 261 1371 Difficile
270 1328 295 1364 et
305 1315 397 1362 mirum
406 1312 509 1362 Rhodio
519 1310 588 1374 quod
597 1309 750 1357 Pitholeonti

153 1389 280 1459 Contigit?
289 1413 324 1422 -
333 1385 368 1432 At
377 1399 458 1430 sermo
466 1381 550 1444 linguai
559 1381 696 1428 concinnus
705 1377 810 1442 utrique

152 1461 270 1517 Suavior,
279 1465 309 1530 ut
319 1454 383 1502 Chio
391 1463 452 1499 nota
461 1453 482 1498 si
490 1452 623 1498 commixta
632 1449 726 1496 Falerni
735 1459 779 1496 eet.

153 1533 242 1592 Quum
249 1541 336 1572 versus
346 1523 430 1580 fache,
440 1532 464 1568 te
471 1523 554 1583 iprum
560 1513 706 1582 percontor,
716 1534 748 1566 en
754 1529 778 1566 et
785 1533 865 1582 quum

153 1599 222 1648 Duri
232 1597 279 1644 tibi
287 1591 424 1657 peragenda
433 1591 469 1636 rei
478 1591 510 1637 cit
519 1605 590 1636 cauca
599 1587 694 1647 Petilli,

155 1671 252 1718 Scilicet
261 1665 356 1713 oblitus
364 1660 497 1725 patriaeque
506 1659 630 1722 patrisque
640 1657 733 1715 Latini,

156 1741 244 1801 Quum
254 1734 344 1782 Pedius
355 1745 437 1777 causas
447 1728 550 1776 exsudet
558 1725 696 1789 Poplicola,
705 1736 779 1786 atque

156 1809 293 1864 Corvinus,
302 1801 388 1866 patriis
397 1800 562 1847 intermiscere
571 1797 648 1860 petita

156 1878 239 1927 Verba
249 1875 309 1926 foris
317 1871 400 1928 malit,
411 1869 529 1918 Canusini
537 1882 606 1912 more
614 1863 749 1925 bilinguis?

157 1952 242 2012 Atque
250 1961 309 2008 ego,
321 1955 401 2005 quum
408 1941 506 1987 Graecoa
513 1935 629 1993 facerem,
637 1943 711 1979 natus
718 1947 784 1978 mare
791 1931 864 1988 citra,

157 2016 313 2078 Versiculos,
322 2010 402 2058 vetuit
412 2025 451 2056 me
461 2007 504 2054 tali
512 2023 573 2054 voce
583 2003 717 2066 Quirinus,

158 2092 219 2138 Post
228 2083 332 2132 medinm
341 2091 440 2128 noctem
450 2078 531 2136 visus,
541 2090 621 2140 quum
630 2073 725 2122 comnia
734 2087 802 2118 vera:
824 2073 828 2080 '

160 2162 190 2206 In
199 2158 286 2204 silvam
295 2167 347 2200 non
356 2151 423 2212 ligna
432 2147 493 2194 feras
503 2145 625 2206 insanius,
634 2161 661 2192 ac
670 2145 691 2190 ri

161 2229 264 2290 Magnes
273 2225 417 2271 Graecorum
426 2218 495 2264 malie
505 2216 605 2280 implere
614 2225 728 2262 catervas.

161 2295 288 2359 Turgidus
297 2291 404 2355 Alpinus
413 2287 509 2351 jugulat
519 2287 580 2332 dum
589 2287 736 2339 Memnona,
745 2280 855 2343 dumque

162 2365 277 2430 Dillingit
286 2360 369 2410 Rheni
377 2359 475 2406 luteum
483 2367 570 2420 caput,
580 2357 632 2402 haeo
640 2369 686 2414 ego
694 2350 769 2408 ludo,

164 2438 228 2497 Qnae
236 2433 318 2482 necin
326 2429 377 2477 ude
387 2437 476 2477 sonent
484 2425 612 2482 certantia,
621 2421 703 2484 jndice
712 2417 804 2480 Tarpi,

163 2507 216 2554 Nec
225 2503 325 2551 redeant
334 2502 425 2547 iterum
434 2508 508 2559 atque
516 2497 607 2542 iterum
617 2487 746 2554 spectanda
755 2486 863 2532 theatris.
880 2479 882 2482 ’

164 2573 260 2639 Arguti
268 2569 396 2619 meretrice
404 2577 487 2632 poter,
496 2568 616 2626 Davoque
628 2561 757 2608 Chremeta

164 2645 284 2692 Elndentc
293 2655 389 2698 renem,
398 2637 475 2685 comis
485 2636 574 2700 garrire
583 2629 691 2687 libellos,
762 2661 764 2666 .

166 2718 237 2762 Unus
246 2714 375 2768 vivorum,
385 2704 508 2754 Fundani:
519 2705 600 2752 Pollio
609 2715 695 2764 regum

164 2789 236 2832 Pacta
244 2781 323 2839 canit,
331 2779 394 2843 pede
403 2787 441 2825 ter
449 2789 579 2838 percurro:
589 2773 653 2820 forte
662 2785 721 2832 epos
730 2781 796 2826 acor,

165 2856 201 2904 Ut
209 2859 297 2914 nemo,
306 2850 396 2898 Verius
405 2846 486 2896 ducit:
498 2845 571 2892 molle
580 2854 654 2906 atque
663 2839 769 2887 facetum
