2176 3540
324 287 576 338 samusart-u
592 289 667 339 tra,
686 289 724 336 11.
832 303 879 350 ,η

163 376 280 426 Adversas
289 376 385 430 undere
395 377 488 436 solent,
498 377 578 424 aelata
586 376 706 424 secundae.

161 448 311 496 Nasidienus
320 447 352 494 ad
360 448 424 498 haec:
434 447 493 503 Tibi
501 447 549 506 Di,
557 461 722 513 quoecumque
731 447 850 509 preceris,

163 517 302 566 Commeffla
311 518 383 577 dent3
392 519 426 565 ita
435 518 474 570 vir
483 511 566 572 banus
578 534 605 568 ea
613 518 767 580 convivaque
777 518 861 564 comis.

163 589 193 635 Et
203 589 281 636 soleas
291 588 379 651 possit.
394 590 461 636 Tum
470 588 497 637 in
506 587 570 634 laeto
579 603 680 650 quoque
690 587 784 636 videres

166 659 274 706 stridere
284 656 374 712 secreti
384 657 478 708 divisos
486 674 544 704 aure
556 673 678 704 susurros.

434 745 450 776 u
458 743 474 776 0
482 744 499 778 a
505 743 522 776 a
529 745 545 780 τ.
552 745 562 776 1
569 744 585 780 u
593 744 617 778 aa,

168 797 258 844 Nullos
267 797 307 844 his
317 799 415 852 mallem
424 798 497 850 ludos
506 808 624 860 spectasse
633 813 639 842 :
651 796 696 846 aed
703 795 745 844 iila

169 866 266 928 Redde,
275 883 333 931 age,
342 885 397 931 quae
407 868 520 931 deinceps
531 869 610 914 risisti.
639 903 641 908 .

424 953 629 986 rusurrrus.
766 947 773 963 ⁸

630 1003 745 1052 Vibidius
758 1005 818 1054 dum
867 1039 869 1042 -

168 1076 265 1136 Quaerit
275 1075 305 1122 de
314 1077 397 1138 pueris
406 1093 469 1124 num
478 1077 510 1123 sit
520 1092 621 1139 quoque
631 1074 705 1122 fracta
714 1074 810 1140 lagena,

168 1145 246 1206 Qudd
255 1146 303 1192 sihi
310 1148 424 1208 poscenti
432 1162 485 1194 non
495 1146 588 1202 deutur
594 1145 696 1216 pocula3
707 1144 816 1210 dumque

169 1214 275 1262 Ridetur
284 1214 348 1262 fictis
358 1233 452 1276 rerum,
460 1217 589 1264 Balatrone
599 1215 722 1274 secundm

169 1285 314 1345 Nasidiene,
323 1286 387 1333 redis
398 1298 498 1334 mutatae
508 1286 610 1346 frontis,
620 1296 649 1334 ut
660 1296 711 1333 arte

168 1356 351 1404 Emendaturus
361 1356 500 1415 fortunam
512 1355 598 1404 deiude
607 1357 707 1421 sequuti
754 1383 757 1390 ·

170 1427 318 1474 Mazonomo
328 1427 400 1489 pueri
409 1443 497 1492 magno
507 1427 627 1492 discerpta
635 1427 740 1474 ferentes
820 1433 822 1438 '

171 1496 284 1543 Membra
293 1497 373 1560 gruis,
382 1498 459 1560 sparsi
468 1497 517 1550 sale
526 1499 619 1556 multo,
630 1514 683 1544 non
695 1498 747 1544 sine
756 1495 831 1554 farre3

171 1566 310 1630 Pinguibus
320 1577 344 1613 et
353 1565 406 1614 fleis
417 1579 514 1630 pastum
525 1567 593 1628 jecur
602 1567 692 1614 anseris
702 1566 763 1624 albi3

170 1637 200 1682 Et
209 1637 328 1699 leporum
337 1637 451 1696 avulsas,
459 1648 490 1684 ut
497 1638 578 1685 muitd
587 1635 701 1694 suarius,
710 1652 805 1694 armos,

173 1706 256 1766 Qudm
267 1707 354 1752 sicum
364 1706 454 1752 lumbis
464 1708 520 1770 quis
529 1707 591 1753 edit:
602 1717 657 1752 tum
666 1715 764 1767 pectore
774 1705 860 1751 adusto

174 1776 288 1823 Vidimus
298 1787 323 1823 et
332 1777 436 1822 merulas
443 1777 520 1840 poni,
529 1787 553 1824 et
562 1777 614 1824 siue
625 1774 697 1821 clune
706 1774 841 1836 palumbes.

174 1848 266 1894 Suaves
275 1863 326 1904 res,
335 1847 355 1892 si
364 1863 416 1892 nou
423 1863 508 1894 ¹causas
517 1857 625 1893 narraret
634 1860 717 1890 earum
728 1856 752 1890 et

172 1917 279 1963 Naturas
289 1915 416 1964 dominus:
427 1933 501 1980 quem
510 1932 558 1964 nos
566 1917 600 1964 sic
609 1915 718 1978 fugimus
730 1914 789 1972 ulti,

174 1988 209 2032 Ut
219 1986 283 2031 nihil
293 1986 395 2033 omnino
405 1998 571 2050 gustaremus,
580 1987 649 2033 velut
658 1985 706 2031 illis

176 2055 276 2104 Canidia
286 2054 401 2116 afflasset,
409 2056 480 2122 pejor
490 2056 645 2122 serpentibus
655 2054 730 2110 diris.
