2180 3518
332 301 577 367 sarmarum
594 321 666 368 nie.
685 324 704 367 1.
827 323 874 384 159

153 409 209 456 Cur
219 407 248 454 in
257 407 395 454 amicorum
406 408 473 454 vitiis
481 419 531 454 tarn
541 410 619 456 cernis
628 420 742 468 acutum,

154 475 242 538 Qnim
249 477 873 542 autaquila‚eutserpensEpidauriusi'Attihicontri

154 549 260 606 Evenit,
269 547 397 611 inquirant
406 549 465 594 vitis
475 559 504 594 ut
513 559 555 596 tua
564 565 650 596 rursus
659 561 684 598 et
693 549 737 598 illi.
746 575 782 585 --

154 617 303 665 iracundior
313 629 349 664 est
358 618 446 680 paulo:
456 617 538 665 minin
548 630 620 681 aptus
630 622 707 667 acutis

155 685 268 736 Naribus
278 688 370 734 horum
379 688 519 734 hominum.
534 689 620 736 Rideri
628 690 719 752 possit,
729 691 759 737 eo
768 690 836 752 quod

155 756 288 804 Rusticius
297 768 371 805 tonso
382 768 438 822 toga
448 757 547 818 defluit,
557 769 582 804 et
591 758 651 805 ineli
660 759 730 806 luxus

155 831 186 874 In
194 827 260 890 pede
270 827 363 874 calceus
372 827 457 874 baeret.
464 855 500 864 ·-
506 831 541 876 At
550 839 587 874 est
596 828 691 888 bonus,
702 840 730 876 ut
739 830 824 878 melior
832 833 871 877 vir

156 899 217 946 Non
223 898 285 944 alius
290 897 429 960 quisquam:
436 909 460 944 at
465 898 511 944 tibi
516 899 647 946 amicustet
652 899 780 962 ingenium
785 900 871 963 ingens

156 968 259 1015 Inculto
268 968 327 1014 latet
336 967 385 1014 hoc
395 968 442 1016 sub
450 983 561 1031 corpore.
575 969 690 1032 Denique
700 979 723 1014 te
733 969 814 1030 ipsum

156 1037 283 1096 Concute,
292 1053 355 1085 num
365 1053 413 1100 qua
423 1038 468 1085 tibi
478 1040 596 1085 vitiorum
606 1038 723 1084 inseverit
732 1038 792 1085 olim

155 1107 265 1167 Natura,
274 1117 319 1154 aut
328 1108 401 1154 ctiam
409 1107 568 1155 consuetudo
577 1109 650 1155 mala:
661 1123 768 1171 namque
848 1127 850 1134 ·

155 1176 278 1240 Neglectis
288 1177 382 1224 urenda
391 1176 444 1226 filix
452 1179 588 1226 innascitur
596 1179 666 1242 agris.

134 1275 136 1278 -
154 1247 220 1294 Illuc
228 1259 420 1311 praevertemur,
430 1258 562 1295 amatorem
572 1248 641 1312 quod
649 1249 732 1296 emicae

153 1318 248 1380 Turpia
259 1317 388 1382 decipiunt
397 1333 488 1364 cacum
498 1320 570 1379 vitis,
580 1319 704 1366 autetiam
714 1321 766 1382 ipse
775 1320 826 1368 haec

153 1388 298 1446 Delectsn23
309 1387 385 1434 vetuti
395 1388 526 1434 Balbinum
535 1389 643 1454 polypus
653 1392 751 1454 llaguae.

153 1457 252 1505 Vellem
261 1459 289 1504 in
298 1457 403 1505 curicitii
413 1460 447 1505 sic
456 1465 604 1519 erraremus,
613 1471 638 1506 et
646 1461 688 1507 isti

151 1529 239 1574 Errori
247 1543 340 1574 nomen
350 1529 429 1575 virtus
438 1529 561 1591 posuisset
569 1530 710 1578 honestum.

152 1599 203 1657 At,
212 1608 281 1661 pater
292 1609 321 1644 ut
329 1599 409 1659 gnati,
418 1601 451 1645 sic
461 1615 507 1644 nos
517 1599 633 1646 debemus
641 1602 726 1658 amici,
741 1615 743 1620 ·

152 1667 183 1716 si
191 1667 260 1730 quod
270 1668 302 1714 sit
311 1668 413 1727 vitium,
422 1683 476 1732 nou
484 1668 598 1716 fastidire.
613 1671 758 1716 Strabonem

139 1731 142 1736 ¹
151 1739 272 1800 Appellat
280 1749 372 1800 patum
382 1749 463 1800 pater,
475 1750 499 1785 et
507 1739 619 1802 pullum,
631 1739 693 1785 male
701 1751 792 1800 parvus

152 1809 183 1855 Si
192 1809 233 1854 cui
242 1806 308 1854 filius
318 1818 367 1866 est,
377 1819 405 1854 ut
415 1808 542 1856 abortivus
552 1808 600 1854 fuit
609 1807 670 1854 olim
723 1831 725 1836 ·

151 1877 288 1940 Sisyphus:
298 1877 366 1924 hunc
375 1893 475 1937 varum,
484 1879 595 1926 distortis
604 1877 731 1936 cruribus3
741 1876 811 1924 illum

152 1947 266 1995 Balbutit
276 1963 389 1994 scaurum
396 1979 404 2008 ,
412 1949 494 2011 pravis
504 1949 597 1995 fultum
607 1948 668 1994 mali
677 1947 739 1994 talis.

151 2015 255 2065 Parcius
264 2017 304 2063 hic
313 2018 390 2064 vivit?
402 2017 468 2082 frugi
478 2019 584 2065 dicatur:
595 2020 693 2082 ineptus

149 2091 184 2135 Et
192 2087 323 2148 jactantior
331 2087 371 2133 hic
380 2089 456 2150 paulo
465 2090 517 2136 est?
526 2091 663 2136 concinnus
673 2089 756 2137 amicis

150 2157 267 2204 Postulat
278 2169 305 2204 ut
314 2156 438 2204 videatur:
449 2170 474 2205 at
482 2169 518 2205 est
527 2160 704 2219 truculentior,
714 2171 788 2222 etque
809 2210 811 2214 Α

149 2227 212 2275 Plus
221 2243 292 2290 aequo
302 2225 378 2274 liberi
387 2227 492 2290 simplex
501 2228 622 2294 fortisque
631 2230 756 2276 habeatur.

150 2297 253 2346 caldior
264 2299 315 2344 est?
324 2314 389 2344 acres
399 2298 463 2345 inter
471 2311 628 2346 numeretur:
639 2301 741 2362 opinor,
776 2311 779 2318 ¹

150 2369 212 2415 Haec
222 2383 259 2413 res
268 2378 293 2413 et
301 2367 394 2431 jungit,
404 2367 503 2429 junctos
513 2381 537 2418 et
547 2380 626 2416 servat
636 2371 734 2415 amicos.

154 2441 188 2483 At
197 2453 242 2482 nos
252 2437 356 2484 virtutes
365 2438 429 2501 ipsas
438 2439 597 2496 invertimus,
606 2449 679 2500 etque

149 2507 279 2554 Sincerum
290 2507 405 2570 cupimus
416 2523 457 2554 vus
466 2509 608 2555 incrustare.
622 2506 717 2553 Probus
726 2506 782 2567 quis

149 2576 289 2625 Nobiscum
299 2577 373 2634 vivit3
384 2577 493 2625 multum
503 2589 539 2624 est
549 2577 667 2623 demissus
677 2576 766 2622 homo:
776 2575 811 2624 illi

148 2646 234 2694 Turdo
243 2663 383 2709 cognomen
392 2649 479 2710 pingui
489 2648 587 2694 dumus:
597 2647 638 2692 hic
648 2647 712 2711 fugit
721 2661 806 2694 omnes

148 2717 270 2776 Insidias,
277 2715 391 2780 nullique
400 2718 464 2764 malo
473 2719 538 2764 latus
547 2717 618 2769 obdit
626 2728 752 2781 apertum,

149 2788 239 2847 Quum
250 2801 328 2849 genus
337 2787 386 2833 hoc
394 2788 525 2834 interritae
535 2799 658 2848 versetur,
668 2787 712 2836 ubi
721 2789 782 2833 acris

147 2857 245 2906 luridis
255 2868 330 2919 atque
339 2857 423 2920 vigent
434 2855 478 2904 ubi
487 2857 601 2917 crimina3
610 2874 656 2920 pro
665 2857 728 2904 bene
738 2872 796 2903 sano
