2180 3518
349 284 596 355 SATIRARUM
613 293 685 342 ΗΒ.
703 297 740 344 11.
853 302 898 363 187

184 371 277 434 Captus
286 370 354 430 hiet,
363 384 485 434 pontesue
494 376 558 424 iuter
565 377 681 439 jactatus,
693 398 725 428 au
734 385 812 432 amnis

185 437 254 489 (datia
262 441 312 488 snb
322 442 414 489 Tusci?
427 445 521 494 Laudas
529 447 613 495 insane
623 451 743 500 trilibrem

181 511 435 575 Mullum‚insiugulu
440 531 514 576 quem
520 517 747 582 minuaspulmenta
752 539 849 572 necesse
854 537 898 573 est.

182 581 259 628 Ducit
269 591 294 628 te
302 583 410 643 speeies,
419 583 500 631 video.
515 587 574 646 Qud
582 591 690 649 pertinet
699 607 757 655 ergo

180 651 301 698 Procerus
310 650 390 698 odisse
399 652 488 715 lupos?
502 656 567 714 Quia
577 658 667 706 seilicet
675 661 723 708 illis

180 719 305 781 Maiorem
314 731 401 768 natura
411 723 516 772 modum
527 725 607 784 dedit,
616 727 654 774 his
664 729 738 778 breve
748 733 854 795 pondus.
893 763 896 770 =

181 789 291 850 Jejunus
298 791 354 841 τιτὸ
363 793 505 842 stomachus
515 795 623 858 vulgaria
633 800 728 846 temnit.

180 859 327 906 Porrectum
338 875 427 923 magno
438 878 557 926 maguum
566 875 674 927 spectare
684 869 765 917 cauno

180 929 289 987 Vellem,
299 930 332 976 ait
341 932 454 996 Harpyiis
464 932 520 994 gula
530 934 602 996 digua
611 937 747 999 rapacibus.
760 940 794 987 At
804 957 861 1003 vos,

180 999 314 1044 Praesentes
323 1000 422 1058 Austri,
431 1002 531 1063 coquite
541 1004 632 1052 horum
643 1005 757 1054 obsonia:
769 1014 882 1071 quamvis

180 1069 254 1114 Putet
263 1082 321 1130 aper
331 1069 502 1134 rhombusque
512 1081 609 1132 reeens,
620 1075 682 1122 mala
691 1079 762 1140 copia
772 1081 872 1140 quando

180 1137 291 1200 Aegrum
300 1138 415 1187 sollicitat
424 1141 595 1200 stomachum
605 1159 685 1207 quum
695 1149 779 1210 rapula
787 1149 875 1211 plenus

179 1208 263 1270 Atque
273 1207 352 1260 acidas
361 1209 457 1256 mavult
466 1210 553 1258 inulas.
568 1212 682 1262 Necdum
692 1219 773 1266 omnis
783 1219 866 1268 abacta

179 1277 310 1339 Pauperies
320 1279 398 1340 epulis
409 1295 508 1342 regum:
518 1297 575 1331 uam
585 1283 675 1332 vilibus
685 1287 738 1333 ovis
916 1303 918 1310 ·

179 1347 312 1409 Nigrisque
322 1358 358 1394 est
368 1349 427 1396 oleis
436 1349 511 1396 hodie
520 1350 598 1401 loeus.
611 1353 685 1402 Haud
692 1357 727 1404 ita
735 1359 832 1422 pridem

179 1416 276 1464 Galloni
285 1418 406 1479 preconis
415 1429 466 1465 erat
475 1421 613 1482 acipensere
623 1439 707 1474 mensa

178 1485 287 1532 Infamia.
302 1486 387 1546 Quid?
397 1497 451 1535 tum
461 1488 580 1540 rhombos
589 1493 672 1542 mimis
681 1512 767 1560 sequor
776 1499 870 1548 alebat?

179 1557 260 1603 Tutus
270 1567 322 1603 erut
331 1557 465 1618 rhombus,
475 1569 581 1622 tutoque
590 1563 766 1628 ciconia'nido‚

179 1626 264 1672 Donec
274 1641 318 1672 voe
326 1637 413 1676 auctor
422 1627 508 1676 docuit
516 1633 654 1692 praetorius.
668 1637 746 1700 Ergo,
794 1666 798 1674 ·

178 1696 204 1742 Si
214 1696 269 1756 quis
278 1711 346 1750 nuuc
355 1712 452 1762 mergos
461 1714 547 1746 suaves
556 1700 660 1748 edixerit
669 1717 747 1764 auos,

177 1765 275 1812 Parebit
284 1767 354 1828 pravi
363 1765 448 1815 docilis
458 1769 569 1816 Romam
577 1769 704 1831 juventus.

177 1835 298 1883 Sordidus
308 1851 321 1882 a
331 1837 401 1884 tenui
409 1838 478 1890 vietu
488 1838 600 1899 distabit,
611 1840 691 1888 Ofello

176 1904 278 1953 Judioe:
288 1921 346 1952 uam
356 1906 445 1957 frustrai
455 1908 545 1957 vitium
554 1910 668 1956 vitaveris
678 1909 753 1971 illud,

177 1976 203 2023 Si
212 1986 236 2022 te
245 1975 293 2022 alid
301 1991 406 2039 pravum
417 1977 553 2028 detorseris.
567 1979 718 2041 Audimus,

178 2045 226 2092 Cui
236 2045 308 2093 Canis
316 2063 348 2092 ex
356 2062 415 2094 vero
425 2047 530 2095 ductum
539 2064 678 2112 cognomen
686 2052 806 2112 adhaeret,

177 2115 360 2178 Quinquenues
369 2117 433 2164 oleas
443 2128 480 2166 est
490 2127 515 2163 et
524 2119 642 2168 silvestria
650 2137 736 2182 comat

176 2186 227 2244 Ac,
237 2186 285 2232 nisi
295 2196 431 2246 mutatum,
440 2188 519 2251 parcit
526 2187 660 2239 defundere
670 2193 769 2254 viuum3
779 2204 803 2242 et

177 2255 255 2316 Cujus
264 2255 367 2304 odorem
376 2257 424 2306 olei
433 2273 539 2320 nequeas
550 2259 670 2322 perferre,
679 2263 761 2310 licebit

176 2325 220 2372 Ille
229 2326 547 2388 repotia,uatales,aliosve
556 2329 653 2380 dierum
841 2391 842 2395 Ἰ

175 2397 259 2442 Festos
268 2395 362 2443 albatus
371 2397 488 2458 celebret,
497 2414 576 2446 cornu
584 2399 637 2460 ipse
646 2399 729 2448 bilibri
747 2439 750 2446 .

177 2465 293 2512 Caulibus
301 2466 415 2526 instillat,
425 2469 513 2516 veteris
522 2483 574 2514 nou
583 2483 671 2529 pareus
680 2470 748 2516 scoti.

176 2535 250 2594 Quali
257 2537 336 2598 igitur
343 2538 412 2585 victu
421 2537 516 2600 sapiens
526 2537 627 2585 utetur?
638 2537 763 2596 ethorum

174 2606 265 2652 Utrum
274 2606 427 2655 imitabitur?
436 2605 486 2656 Hic
496 2617 567 2671 urget
573 2607 661 2668 lupus,
669 2607 715 2656 hle
722 2608 801 2669 cauis,
809 2610 886 2657 aiunt.
901 2667 902 2670 Ἴ

173 2675 286 2722 Mundus
295 2677 355 2735 erit,
364 2676 408 2738 qui
417 2693 469 2724 nou
478 2677 588 2724 offendat
597 2677 723 2738 sordibus,
733 2690 806 2743 atque

172 2747 202 2792 In
211 2756 325 2794 neutram
334 2757 427 2808 partem
437 2745 519 2794 cultris
528 2748 608 2794 miser.
623 2748 669 2795 Hie
678 2749 855 2814 nequeamus,

169 2813 258 2863 Albuti
269 2816 334 2864 senis
344 2817 471 2880 exemplo,
481 2817 542 2866 dum
552 2818 637 2868 munia
645 2819 721 2882 didit,
742 2817 744 2820 ⁴
