2176 3540
174 316 221 364 sss
332 304 720 375 Q.1101taT11FLaccl

172 407 255 451 Saevus
265 403 324 460 erit3
331 417 425 464 neque,
434 401 498 446 sicut
507 397 612 459 simplex
620 394 733 451 Naevius,
743 402 843 439 unctam

173 473 290 520 Convivis
299 471 417 535 prebebit
425 483 526 532 aquam:
536 467 626 514 vitium
635 465 684 511 hoc
694 477 795 525 qnoque
804 477 857 508 ma-

173 559 341 674 Accipessd-uirc
350 612 431 657 victus
441 608 522 656 tenuis
532 623 587 670 quae
596 617 737 668 quantaque
746 615 831 649 secum

173 681 275 728 Aiierat,
289 681 413 744 Imprimis
423 678 500 725 valeas
509 679 583 724 bene:
593 691 663 732 nans,
672 674 744 720 varias
754 689 792 718 res
847 685 849 692 ’

174 753 209 798 Ut
218 761 323 798 noceant
332 750 441 808 homini,
451 747 545 806 credas,
555 761 650 792 memor
658 745 724 791 illins
734 757 792 788 cscae

175 820 238 880 Quas
248 820 352 883 simplex
360 820 419 866 olim
429 818 475 865 tibi
484 815 581 864 sederit.
596 816 630 861 At
639 813 714 861 simul
723 812 780 860 assis

173 891 303 938 Miscuerit
313 890 387 948 elixa,
396 888 470 936 simul
478 886 606 949 conchylia
615 883 709 942 turdis;

175 960 262 1006 Dulcia
272 977 296 1006 se
305 961 333 1006 in
341 960 416 1006 bilem
425 968 533 1015 vertent,
543 955 721 1016 stomachoque
730 951 868 999 tumultum

175 1030 253 1076 Lcnta
262 1030 323 1077 ieret
332 1030 429 1092 pituita.
442 1028 516 1074 Vides
526 1035 555 1072 ut
564 1024 669 1087 pallidus
679 1024 760 1070 omnis

177 1099 252 1148 eant
261 1101 374 1162 desurgat
382 1097 473 1145 dubia?
487 1097 557 1156 Quin
566 1109 657 1158 corpus
667 1102 786 1140 onustum

176 1170 303 1218 Hesternis
312 1169 377 1216 vitiis
386 1169 497 1214 animum
507 1180 608 1228 quoque
617 1172 752 1226 praegravat
760 1160 824 1218 uni,

177 1241 262 1301 Atque
270 1239 356 1302 affligit
365 1239 444 1285 humo
454 1237 542 1284 divinae
551 1234 696 1297 particulam
705 1247 776 1278 aura.

177 1309 260 1368 Alter,
269 1309 313 1356 ubi
323 1309 389 1354 dicto
399 1305 472 1353 citius
481 1315 564 1353 curata
572 1304 656 1366 sopori

178 1379 290 1424 Membra
300 1377 380 1434 dedit,
390 1387 492 1438 vegetus
501 1375 639 1437 praescripta
649 1370 680 1419 ad
689 1371 772 1418 munia
782 1370 868 1432 surgit.

178 1449 224 1494 Hic
234 1458 316 1494 tamen
325 1446 356 1492 ad
365 1445 453 1492 melius
461 1445 553 1507 poterit
563 1455 727 1490 transcurrere
737 1439 878 1502 qnondam:

179 1518 235 1564 Sive
246 1516 310 1562 diem
320 1515 411 1562 festum
421 1513 516 1561 rediens
526 1513 656 1560 adduxerit
666 1525 758 1567 aunus3

179 1589 228 1634 Seu
238 1601 343 1632 recreare
353 1585 419 1631 volet
429 1595 558 1631 tenuatum
568 1597 673 1645 corpns;
682 1580 775 1642 ubique

177 1656 303 1703 Accedent
313 1655 384 1714 anni,
394 1667 418 1702 et
427 1654 524 1701 tractari
533 1651 631 1699 mollitis
640 1662 697 1698 oetas

179 1725 302 1774 Imbecilla
311 1724 385 1772 volet.
399 1723 456 1772 Tibi
464 1723 582 1786 quidnam
593 1722 689 1769 accedet
698 1721 728 1766 ad
738 1721 808 1767 istam

107 1803 114 1814 '
181 1797 264 1857 Quam
273 1812 336 1859 pner
344 1806 369 1842 st
378 1795 473 1842 validus
483 1793 609 1856 praesumis
620 1789 759 1850 mollitiem,
769 1805 813 1838 sen

181 1867 249 1914 Dura
259 1866 374 1913 valetudo
384 1865 510 1922 inciderit,
519 1877 562 1910 seu
572 1861 639 1908 tarda
649 1863 776 1909 senectus?

180 1936 320 1983 Rancidnns
329 1951 417 1998 aprum
426 1934 522 1994 antiqui
531 1931 673 1980 laudabantt
683 1947 735 1979 non
744 1933 802 1994 quia
810 1947 884 1982 nasus

181 2003 233 2051 Illis
239 2005 322 2052 nuilus
332 2017 395 2063 erat,
404 2004 460 2062 sed,
469 2003 555 2061 credo,
565 2002 610 2049 hac
619 2012 713 2060 mente,
723 2002 792 2064 quod
801 2003 893 2068 hospes

181 2073 285 2120 Tardiirs
294 2073 426 2120 adveniam
435 2074 549 2120 vitiatum
559 2069 727 2130 commodis,
736 2070 810 2134 quim

181 2144 308 2206 Integrnm
313 2143 374 2188 edax
378 2142 668 2200 dominusponsumerst.
673 2143 725 2188 Hos
730 2144 825 2190 utinam
830 2145 895 2191 inter

181 2214 274 2259 Heroas
283 2223 369 2258 natum
379 2212 451 2259 tellus
461 2227 500 2258 me
510 2212 590 2274 prima
599 2212 706 2258 tulisset!

181 2283 230 2328 Das
239 2281 331 2343 aliquid
341 2281 423 2340 famas,
434 2297 490 2343 quae
499 2283 606 2328 carmine
615 2281 706 2343 gratior
715 2297 799 2329 aurem

182 2353 295 2415 Occupat
303 2353 452 2404 humanam?
464 2351 574 2408 Grandes
583 2351 682 2398 rhombi
691 2353 830 2414 patinaeque

184 2422 280 2470 Grande
291 2422 374 2471 ferunt
384 2421 433 2469 nni
442 2437 500 2470 cnm
511 2422 601 2468 damno
611 2420 727 2468 dedecus:
737 2421 798 2468 adds

184 2495 278 2540 Iratum
288 2505 419 2557 patruum,
429 2493 537 2551 vicinos,
546 2502 570 2537 te
581 2491 627 2537 tibi
636 2492 764 2554 iniquum,

88 2607 92 2616 ,
183 2562 215 2609 Εῑ
225 2563 315 2610 [rastri
324 2565 410 2611 mortis
419 2563 552 2626 cupidum,
562 2575 641 2622 quum
651 2561 728 2609 deerit
738 2563 818 2625 egenti

183 2632 231 2689 As,
241 2632 321 2692 laquei
330 2635 445 2694 pretium.
459 2635 475 2677 J
476 2649 532 2691 ure,
541 2631 636 2693 inquit,
646 2633 763 2680 ”l'rausins
771 2633 825 2678 istis

184 2701 199 2744 J
201 2710 303 2761 urgatur
312 2702 403 2748 verbis:
414 2717 459 2764 ego
468 2701 591 2765 vectigalia
601 2717 687 2765 magna

184 2768 337 2829 Divitiisque
346 2770 425 2817 habeo
435 2772 514 2818 tribus
523 2771 614 2833 amplas
622 2772 729 2834 regibus.
743 2771 819 2836 Ergo,

186 2836 262 2896 Quod
271 2850 382 2900 superat,
392 2855 445 2886 non
454 2852 491 2888 est
500 2839 587 2889 meliis
598 2841 649 2905 qud
658 2842 781 2890 insumere
791 2843 886 2906 possis?
