<?xml version="1.0" encoding="UTF-8"?>
<!DOCTYPE html PUBLIC "-//W3C//DTD XHTML 1.0 Transitional//EN"
    "http://www.w3.org/TR/xhtml1/DTD/xhtml1-transitional.dtd">
<html xmlns="http://www.w3.org/1999/xhtml" xml:lang="en" lang="en">
 <head>
  <title>
</title>
<meta http-equiv="Content-Type" content="text/html;charset=utf-8" />
  <meta name='ocr-system' content='tesseract 3.04.00' />
  <meta name='ocr-capabilities' content='ocr_page ocr_carea ocr_par ocr_line ocrx_word'/>
</head>
<body>
  <div class='ocr_page' id='page_1' title='image "./quintushoratius02horagoog_0284.png"; bbox 0 0 2176 3540; ppageno 0'>
   <div class='ocr_carea' id='block_1_1' title="bbox 350 325 901 400">
    <p class='ocr_par' dir='ltr' id='par_1_1' title="bbox 350 325 901 400">
     <span class='ocr_line' id='line_1_1' title="bbox 350 325 901 400; baseline 0 -24"><span class='ocrx_word' id='word_1_1' title='bbox 350 349 356 360; x_wconf 43' lang='lat' dir='ltr'>a</span> <span class='ocrx_word' id='word_1_2' title='bbox 397 327 475 400; x_wconf 71' lang='lat' dir='ltr'>aas</span> <span class='ocrx_word' id='word_1_3' title='bbox 492 325 681 378; x_wconf 82' lang='lat' dir='ltr'>rosr1ct.</span> <span class='ocrx_word' id='word_1_4' title='bbox 850 327 901 392; x_wconf 76' lang='lat'>275</span> 
     </span>
    </p>
   </div>
   <div class='ocr_carea' id='block_1_2' title="bbox 125 413 882 2950">
    <p class='ocr_par' dir='ltr' id='par_1_2' title="bbox 178 413 765 556">
     <span class='ocr_line' id='line_1_2' title="bbox 178 413 765 482; baseline 0.002 -17"><span class='ocrx_word' id='word_1_5' title='bbox 178 414 239 465; x_wconf 73' lang='lat' dir='ltr'>Non</span> <span class='ocrx_word' id='word_1_6' title='bbox 247 413 349 465; x_wconf 87' lang='lat' dir='ltr'>laudem</span> <span class='ocrx_word' id='word_1_7' title='bbox 359 417 448 466; x_wconf 81' lang='lat' dir='ltr'>merui.</span> <span class='ocrx_word' id='word_1_8' title='bbox 462 419 514 466; x_wconf 89' lang='lat' dir='ltr'>Vos</span> <span class='ocrx_word' id='word_1_9' title='bbox 523 417 671 482; x_wconf 85' lang='lat' dir='ltr'>exemplaria</span> <span class='ocrx_word' id='word_1_10' title='bbox 681 416 765 466; x_wconf 78' lang='lat' dir='ltr'>Graeca</span> 
     </span>
     <span class='ocr_line' id='line_1_3' title="bbox 179 485 726 556; baseline 0 -20"><span class='ocrx_word' id='word_1_11' title='bbox 179 485 312 536; x_wconf 77' lang='lat' dir='ltr'>Nocturni</span> <span class='ocrx_word' id='word_1_12' title='bbox 321 499 420 556; x_wconf 66' lang='lat' dir='ltr'>versate</span> <span class='ocrx_word' id='word_1_13' title='bbox 424 503 516 548; x_wconf 85' lang='lat' dir='ltr'>manu,</span> <span class='ocrx_word' id='word_1_14' title='bbox 524 500 618 544; x_wconf 83' lang='lat' dir='ltr'>versate</span> <span class='ocrx_word' id='word_1_15' title='bbox 628 487 726 536; x_wconf 82' lang='lat' dir='ltr'>diurni.</span> 
     </span>
    </p>

    <p class='ocr_par' dir='ltr' id='par_1_3' title="bbox 179 543 839 1612">
     <span class='ocr_line' id='line_1_4' title="bbox 179 543 734 623; baseline 0.002 -17"><span class='ocrx_word' id='word_1_16' title='bbox 179 557 215 606; x_wconf 72' lang='lat' dir='ltr'>At</span> <span class='ocrx_word' id='word_1_17' title='bbox 223 559 299 606; x_wconf 79' lang='lat' dir='ltr'>vestri</span> <span class='ocrx_word' id='word_1_18' title='bbox 308 543 403 623; x_wconf 69' lang='lat' dir='ltr'>proisi</span> <span class='ocrx_word' id='word_1_19' title='bbox 405 559 535 608; x_wconf 85' lang='lat' dir='ltr'>Plautinos</span> <span class='ocrx_word' id='word_1_20' title='bbox 544 570 569 606; x_wconf 90' lang='lat' dir='ltr'>et</span> <span class='ocrx_word' id='word_1_21' title='bbox 579 549 698 608; x_wconf 82' lang='lat' dir='ltr'>numeros</span> <span class='ocrx_word' id='word_1_22' title='bbox 708 569 734 607; x_wconf 93' lang='lat' dir='ltr'>et</span> 
     </span>
     <span class='ocr_line' id='line_1_5' title="bbox 179 624 818 694; baseline 0.003 -18"><span class='ocrx_word' id='word_1_23' title='bbox 179 624 407 690; x_wconf 71' lang='lat' dir='ltr'>Laudaveie’sales,</span> <span class='ocrx_word' id='word_1_24' title='bbox 415 627 523 677; x_wconf 76' lang='lat' dir='ltr'>nimium</span> <span class='ocrx_word' id='word_1_25' title='bbox 532 630 656 694; x_wconf 77' lang='lat' dir='ltr'>patienter</span> <span class='ocrx_word' id='word_1_26' title='bbox 665 641 818 694; x_wconf 88' lang='lat' dir='ltr'>utrumque,</span> 
     </span>
     <span class='ocr_line' id='line_1_6' title="bbox 180 699 776 764; baseline 0 -14"><span class='ocrx_word' id='word_1_27' title='bbox 180 701 220 750; x_wconf 82' lang='lat' dir='ltr'>Ne</span> <span class='ocrx_word' id='word_1_28' title='bbox 229 699 310 747; x_wconf 88' lang='lat' dir='ltr'>dicam</span> <span class='ocrx_word' id='word_1_29' title='bbox 319 699 410 760; x_wconf 69' lang='lat' dir='ltr'>stulti,</span> <span class='ocrx_word' id='word_1_30' title='bbox 420 700 513 758; x_wconf 85' lang='lat' dir='ltr'>mirati;</span> <span class='ocrx_word' id='word_1_31' title='bbox 523 701 544 747; x_wconf 90' lang='lat' dir='ltr'>si</span> <span class='ocrx_word' id='word_1_32' title='bbox 553 699 630 748; x_wconf 80' lang='lat' dir='ltr'>modo</span> <span class='ocrx_word' id='word_1_33' title='bbox 639 716 686 764; x_wconf 86' lang='lat' dir='ltr'>ego</span> <span class='ocrx_word' id='word_1_34' title='bbox 696 711 721 748; x_wconf 86' lang='lat' dir='ltr'>et</span> <span class='ocrx_word' id='word_1_35' title='bbox 729 716 776 750; x_wconf 83' lang='lat' dir='ltr'>voa</span> 
     </span>
     <span class='ocr_line' id='line_1_7' title="bbox 181 769 759 835; baseline 0 -16"><span class='ocrx_word' id='word_1_36' title='bbox 181 770 280 819; x_wconf 82' lang='lat' dir='ltr'>Scimus</span> <span class='ocrx_word' id='word_1_37' title='bbox 289 770 443 818; x_wconf 89' lang='lat' dir='ltr'>inurbanum</span> <span class='ocrx_word' id='word_1_38' title='bbox 452 769 536 833; x_wconf 89' lang='lat' dir='ltr'>lepido</span> <span class='ocrx_word' id='word_1_39' title='bbox 548 785 668 835; x_wconf 77' lang='lat' dir='ltr'><strong>seponere</strong></span> <span class='ocrx_word' id='word_1_40' title='bbox 678 769 759 833; x_wconf 90' lang='lat' dir='ltr'>dicto,</span> 
     </span>
     <span class='ocr_line' id='line_1_8' title="bbox 180 840 827 906; baseline 0.003 -18"><span class='ocrx_word' id='word_1_41' title='bbox 180 841 384 906; x_wconf 83' lang='lat' dir='ltr'>Legitimumque</span> <span class='ocrx_word' id='word_1_42' title='bbox 392 857 484 889; x_wconf 88' lang='lat' dir='ltr'>sonum</span> <span class='ocrx_word' id='word_1_43' title='bbox 494 840 577 904; x_wconf 80' lang='lat' dir='ltr'><strong>digitis</strong></span> <span class='ocrx_word' id='word_1_44' title='bbox 586 841 717 901; x_wconf 75' lang='lat' dir='ltr'><strong>callemus,</strong></span> <span class='ocrx_word' id='word_1_45' title='bbox 726 853 751 888; x_wconf 94' lang='lat' dir='ltr'>et</span> <span class='ocrx_word' id='word_1_46' title='bbox 760 857 827 890; x_wconf 86' lang='lat' dir='ltr'>aure.</span> 
     </span>
     <span class='ocr_line' id='line_1_9' title="bbox 182 911 771 976; baseline 0.003 -19"><span class='ocrx_word' id='word_1_47' title='bbox 182 912 303 976; x_wconf 84' lang='lat' dir='ltr'>Ignotum</span> <span class='ocrx_word' id='word_1_48' title='bbox 313 912 420 976; x_wconf 80' lang='lat' dir='ltr'>Tragicae</span> <span class='ocrx_word' id='word_1_49' title='bbox 430 926 508 976; x_wconf 82' lang='lat' dir='ltr'>genua</span> <span class='ocrx_word' id='word_1_50' title='bbox 518 911 641 958; x_wconf 81' lang='lat' dir='ltr'>invenisse</span> <span class='ocrx_word' id='word_1_51' title='bbox 650 911 771 959; x_wconf 81' lang='lat' dir='ltr'>Camoenae</span> 
     </span>
     <span class='ocr_line' id='line_1_10' title="bbox 183 981 799 1049; baseline 0 -19"><span class='ocrx_word' id='word_1_52' title='bbox 183 982 297 1042; x_wconf 81' lang='lat' dir='ltr'><strong>Dicitur,</strong></span> <span class='ocrx_word' id='word_1_53' title='bbox 306 993 331 1030; x_wconf 88' lang='lat' dir='ltr'>et</span> <span class='ocrx_word' id='word_1_54' title='bbox 339 982 456 1049; x_wconf 85' lang='lat' dir='ltr'>plaustris</span> <span class='ocrx_word' id='word_1_55' title='bbox 466 982 561 1030; x_wconf 82' lang='lat' dir='ltr'>vexisse</span> <span class='ocrx_word' id='word_1_56' title='bbox 569 985 685 1047; x_wconf 71' lang='lat' dir='ltr'>poimata</span> <span class='ocrx_word' id='word_1_57' title='bbox 694 981 799 1047; x_wconf 86' lang='lat' dir='ltr'>Thespis</span> 
     </span>
     <span class='ocr_line' id='line_1_11' title="bbox 185 1051 818 1119; baseline 0 -18"><span class='ocrx_word' id='word_1_58' title='bbox 185 1053 239 1114; x_wconf 88' lang='lat' dir='ltr'>Qui</span> <span class='ocrx_word' id='word_1_59' title='bbox 247 1065 364 1102; x_wconf 87' lang='lat' dir='ltr'>canerent</span> <span class='ocrx_word' id='word_1_60' title='bbox 373 1064 523 1119; x_wconf 75' lang='lat' dir='ltr'>agerentque</span> <span class='ocrx_word' id='word_1_61' title='bbox 532 1053 649 1117; x_wconf 88' lang='lat' dir='ltr'>peruncti</span> <span class='ocrx_word' id='word_1_62' title='bbox 658 1051 759 1101; x_wconf 84' lang='lat' dir='ltr'>faecibus</span> <span class='ocrx_word' id='word_1_63' title='bbox 768 1069 818 1101; x_wconf 89' lang='lat' dir='ltr'>ora.</span> 
     </span>
     <span class='ocr_line' id='line_1_12' title="bbox 182 1124 839 1189; baseline -0.003 -16"><span class='ocrx_word' id='word_1_64' title='bbox 182 1125 244 1173; x_wconf 81' lang='lat' dir='ltr'>Post</span> <span class='ocrx_word' id='word_1_65' title='bbox 253 1125 336 1185; x_wconf 90' lang='lat' dir='ltr'>huuc,</span> <span class='ocrx_word' id='word_1_66' title='bbox 344 1141 456 1189; x_wconf 76' lang='lat' dir='ltr'>personae</span> <span class='ocrx_word' id='word_1_67' title='bbox 464 1124 585 1188; x_wconf 71' lang='lat' dir='ltr'>pallasque</span> <span class='ocrx_word' id='word_1_68' title='bbox 594 1134 707 1188; x_wconf 85' lang='lat' dir='ltr'>repertor</span> <span class='ocrx_word' id='word_1_69' title='bbox 715 1125 839 1184; x_wconf 77' lang='lat' dir='ltr'>honestae,</span> 
     </span>
     <span class='ocr_line' id='line_1_13' title="bbox 184 1193 798 1260; baseline -0.002 -17"><span class='ocrx_word' id='word_1_70' title='bbox 184 1194 324 1259; x_wconf 73' lang='lat' dir='ltr'>Aeschylus</span> <span class='ocrx_word' id='word_1_71' title='bbox 332 1206 358 1243; x_wconf 90' lang='lat' dir='ltr'>et</span> <span class='ocrx_word' id='word_1_72' title='bbox 367 1195 470 1244; x_wconf 84' lang='lat' dir='ltr'>modicis</span> <span class='ocrx_word' id='word_1_73' title='bbox 479 1195 594 1242; x_wconf 85' lang='lat' dir='ltr'>instravit</span> <span class='ocrx_word' id='word_1_74' title='bbox 602 1193 700 1260; x_wconf 85' lang='lat' dir='ltr'>pulpita</span> <span class='ocrx_word' id='word_1_75' title='bbox 710 1194 798 1258; x_wconf 83' lang='lat' dir='ltr'>tignis,</span> 
     </span>
     <span class='ocr_line' id='line_1_14' title="bbox 183 1259 820 1331; baseline -0.002 -17"><span class='ocrx_word' id='word_1_76' title='bbox 183 1267 215 1314; x_wconf 84' lang='lat' dir='ltr'>Et</span> <span class='ocrx_word' id='word_1_77' title='bbox 223 1265 311 1314; x_wconf 88' lang='lat' dir='ltr'>docuit</span> <span class='ocrx_word' id='word_1_78' title='bbox 320 1282 489 1331; x_wconf 85' lang='lat' dir='ltr'>magnumque</span> <span class='ocrx_word' id='word_1_79' title='bbox 498 1264 570 1328; x_wconf 86' lang='lat' dir='ltr'>loqui</span> <span class='ocrx_word' id='word_1_80' title='bbox 578 1259 676 1328; x_wconf 90' lang='lat' dir='ltr'>nitique</span> <span class='ocrx_word' id='word_1_81' title='bbox 685 1265 820 1313; x_wconf 85' lang='lat' dir='ltr'>cothurno.</span> 
     </span>
     <span class='ocr_line' id='line_1_15' title="bbox 184 1334 801 1394; baseline -0.003 -10"><span class='ocrx_word' id='word_1_82' title='bbox 184 1336 309 1385; x_wconf 76' lang='lat' dir='ltr'>Successit</span> <span class='ocrx_word' id='word_1_83' title='bbox 317 1348 390 1384; x_wconf 85' lang='lat' dir='ltr'>vetus</span> <span class='ocrx_word' id='word_1_84' title='bbox 399 1337 439 1390; x_wconf 85' lang='lat' dir='ltr'>his</span> <span class='ocrx_word' id='word_1_85' title='bbox 449 1336 588 1394; x_wconf 79' lang='lat' dir='ltr'><strong>Comoedia,</strong></span> <span class='ocrx_word' id='word_1_86' title='bbox 598 1351 651 1382; x_wconf 92' lang='lat' dir='ltr'>non</span> <span class='ocrx_word' id='word_1_87' title='bbox 661 1337 713 1382; x_wconf 88' lang='lat' dir='ltr'>sine</span> <span class='ocrx_word' id='word_1_88' title='bbox 723 1334 801 1383; x_wconf 70' lang='lat' dir='ltr'>multi</span> 
     </span>
     <span class='ocr_line' id='line_1_16' title="bbox 182 1405 775 1466; baseline 0 -12"><span class='ocrx_word' id='word_1_89' title='bbox 182 1406 281 1466; x_wconf 81' lang='lat' dir='ltr'>Lande3</span> <span class='ocrx_word' id='word_1_90' title='bbox 291 1407 334 1454; x_wconf 91' lang='lat' dir='ltr'>sed</span> <span class='ocrx_word' id='word_1_91' title='bbox 342 1408 370 1454; x_wconf 90' lang='lat' dir='ltr'>in</span> <span class='ocrx_word' id='word_1_92' title='bbox 378 1407 469 1454; x_wconf 85' lang='lat' dir='ltr'>vitium</span> <span class='ocrx_word' id='word_1_93' title='bbox 478 1405 579 1454; x_wconf 89' lang='lat' dir='ltr'>libertas</span> <span class='ocrx_word' id='word_1_94' title='bbox 588 1406 680 1453; x_wconf 87' lang='lat' dir='ltr'>excidit</span> <span class='ocrx_word' id='word_1_95' title='bbox 688 1416 714 1454; x_wconf 90' lang='lat' dir='ltr'>et</span> <span class='ocrx_word' id='word_1_96' title='bbox 722 1407 775 1454; x_wconf 86' lang='lat' dir='ltr'>vim</span> 
     </span>
     <span class='ocr_line' id='line_1_17' title="bbox 184 1476 797 1542; baseline 0 -16"><span class='ocrx_word' id='word_1_97' title='bbox 184 1477 292 1542; x_wconf 84' lang='lat' dir='ltr'>Dignam</span> <span class='ocrx_word' id='word_1_98' title='bbox 301 1478 358 1542; x_wconf 80' lang='lat' dir='ltr'>lege</span> <span class='ocrx_word' id='word_1_99' title='bbox 363 1477 427 1541; x_wconf 87' lang='lat' dir='ltr'>regi:</span> <span class='ocrx_word' id='word_1_100' title='bbox 436 1476 477 1524; x_wconf 84' lang='lat' dir='ltr'>lex</span> <span class='ocrx_word' id='word_1_101' title='bbox 485 1487 523 1524; x_wconf 90' lang='lat' dir='ltr'>est</span> <span class='ocrx_word' id='word_1_102' title='bbox 532 1488 644 1541; x_wconf 87' lang='lat' dir='ltr'>accepta,</span> <span class='ocrx_word' id='word_1_103' title='bbox 652 1477 797 1542; x_wconf 86' lang='lat' dir='ltr'>chorusque</span> 
     </span>
     <span class='ocr_line' id='line_1_18' title="bbox 185 1547 728 1612; baseline -0.002 -16"><span class='ocrx_word' id='word_1_104' title='bbox 185 1549 304 1612; x_wconf 86' lang='lat' dir='ltr'>Turpiter</span> <span class='ocrx_word' id='word_1_105' title='bbox 313 1548 433 1607; x_wconf 82' lang='lat' dir='ltr'>obticuit,</span> <span class='ocrx_word' id='word_1_106' title='bbox 441 1547 540 1596; x_wconf 88' lang='lat' dir='ltr'>sublato</span> <span class='ocrx_word' id='word_1_107' title='bbox 548 1547 604 1610; x_wconf 85' lang='lat' dir='ltr'>jure</span> <span class='ocrx_word' id='word_1_108' title='bbox 613 1547 728 1596; x_wconf 85' lang='lat' dir='ltr'>nocendi.</span> 
     </span>
    </p>

    <p class='ocr_par' dir='ltr' id='par_1_4' title="bbox 185 1617 684 1681">
     <span class='ocr_line' id='line_1_19' title="bbox 185 1617 684 1681; baseline -0.006 -14"><span class='ocrx_word' id='word_1_109' title='bbox 185 1618 229 1668; x_wconf 78' lang='lat' dir='ltr'>Nil</span> <span class='ocrx_word' id='word_1_110' title='bbox 238 1619 390 1666; x_wconf 87' lang='lat' dir='ltr'>intentatum</span> <span class='ocrx_word' id='word_1_111' title='bbox 399 1619 479 1666; x_wconf 81' lang='lat' dir='ltr'>nostri</span> <span class='ocrx_word' id='word_1_112' title='bbox 489 1617 582 1680; x_wconf 88' lang='lat' dir='ltr'>liquere</span> <span class='ocrx_word' id='word_1_113' title='bbox 591 1621 684 1681; x_wconf 76' lang='lat' dir='ltr'>politae:</span> 
     </span>
    </p>

    <p class='ocr_par' dir='ltr' id='par_1_5' title="bbox 186 1685 804 1816">
     <span class='ocr_line' id='line_1_20' title="bbox 186 1685 804 1750; baseline -0.006 -13"><span class='ocrx_word' id='word_1_114' title='bbox 186 1689 240 1738; x_wconf 86' lang='lat' dir='ltr'>Nec</span> <span class='ocrx_word' id='word_1_115' title='bbox 249 1690 382 1736; x_wconf 88' lang='lat' dir='ltr'>minimum</span> <span class='ocrx_word' id='word_1_116' title='bbox 391 1703 503 1736; x_wconf 88' lang='lat' dir='ltr'>meruere</span> <span class='ocrx_word' id='word_1_117' title='bbox 513 1686 600 1746; x_wconf 85' lang='lat' dir='ltr'>decus,</span> <span class='ocrx_word' id='word_1_118' title='bbox 609 1687 712 1750; x_wconf 82' lang='lat' dir='ltr'>vestigia</span> <span class='ocrx_word' id='word_1_119' title='bbox 721 1685 804 1733; x_wconf 83' lang='lat' dir='ltr'>Graeca</span> 
     </span>
     <span class='ocr_line' id='line_1_21' title="bbox 186 1755 765 1816; baseline -0.009 -9"><span class='ocrx_word' id='word_1_120' title='bbox 186 1759 250 1808; x_wconf 76' lang='lat' dir='ltr'>Ausi</span> <span class='ocrx_word' id='word_1_121' title='bbox 260 1759 370 1807; x_wconf 87' lang='lat' dir='ltr'>deserere</span> <span class='ocrx_word' id='word_1_122' title='bbox 379 1769 405 1807; x_wconf 93' lang='lat' dir='ltr'>et</span> <span class='ocrx_word' id='word_1_123' title='bbox 413 1758 535 1808; x_wconf 88' lang='lat' dir='ltr'>celebrare</span> <span class='ocrx_word' id='word_1_124' title='bbox 545 1757 680 1804; x_wconf 79' lang='lat' dir='ltr'>domestica</span> <span class='ocrx_word' id='word_1_125' title='bbox 689 1755 765 1816; x_wconf 80' lang='lat' dir='ltr'>facta,</span> 
     </span>
    </p>

    <p class='ocr_par' dir='ltr' id='par_1_6' title="bbox 186 1827 776 1895">
     <span class='ocr_line' id='line_1_22' title="bbox 186 1827 776 1895; baseline -0.008 -17"><span class='ocrx_word' id='word_1_126' title='bbox 186 1831 234 1878; x_wconf 79' lang='lat' dir='ltr'>Vel</span> <span class='ocrx_word' id='word_1_127' title='bbox 245 1831 290 1895; x_wconf 90' lang='lat' dir='ltr'>qui</span> <span class='ocrx_word' id='word_1_128' title='bbox 298 1840 442 1894; x_wconf 70' lang='lat' dir='ltr'>pretextae,</span> <span class='ocrx_word' id='word_1_129' title='bbox 452 1829 492 1877; x_wconf 85' lang='lat' dir='ltr'>vel</span> <span class='ocrx_word' id='word_1_130' title='bbox 502 1829 547 1893; x_wconf 93' lang='lat' dir='ltr'>qui</span> <span class='ocrx_word' id='word_1_131' title='bbox 555 1827 663 1876; x_wconf 85' lang='lat' dir='ltr'>docuere</span> <span class='ocrx_word' id='word_1_132' title='bbox 673 1835 776 1891; x_wconf 82' lang='lat' dir='ltr'>togatas.</span> 
     </span>
    </p>

    <p class='ocr_par' dir='ltr' id='par_1_7' title="bbox 186 1897 882 2387">
     <span class='ocr_line' id='line_1_23' title="bbox 186 1897 760 1963; baseline -0.012 -13"><span class='ocrx_word' id='word_1_133' title='bbox 186 1901 240 1950; x_wconf 79' lang='lat' dir='ltr'>Nec</span> <span class='ocrx_word' id='word_1_134' title='bbox 247 1901 341 1948; x_wconf 83' lang='lat' dir='ltr'>virtute</span> <span class='ocrx_word' id='word_1_135' title='bbox 350 1900 416 1948; x_wconf 85' lang='lat' dir='ltr'>foret</span> <span class='ocrx_word' id='word_1_136' title='bbox 423 1900 525 1948; x_wconf 82' lang='lat' dir='ltr'>clarisve</span> <span class='ocrx_word' id='word_1_137' title='bbox 534 1897 663 1963; x_wconf 85' lang='lat' dir='ltr'>potentius</span> <span class='ocrx_word' id='word_1_138' title='bbox 672 1897 760 1955; x_wconf 89' lang='lat' dir='ltr'>armis,</span> 
     </span>
     <span class='ocr_line' id='line_1_24' title="bbox 188 1966 844 2035; baseline -0.006 -17"><span class='ocrx_word' id='word_1_139' title='bbox 188 1969 272 2032; x_wconf 80' lang='lat' dir='ltr'>Quim</span> <span class='ocrx_word' id='word_1_140' title='bbox 281 1970 381 2035; x_wconf 69' lang='lat' dir='ltr'>lingui,</span> <span class='ocrx_word' id='word_1_141' title='bbox 388 1971 501 2030; x_wconf 87' lang='lat' dir='ltr'>Latium,</span> <span class='ocrx_word' id='word_1_142' title='bbox 510 1970 531 2016; x_wconf 92' lang='lat' dir='ltr'>si</span> <span class='ocrx_word' id='word_1_143' title='bbox 540 1984 594 2016; x_wconf 90' lang='lat' dir='ltr'>non</span> <span class='ocrx_word' id='word_1_144' title='bbox 603 1966 743 2016; x_wconf 80' lang='lat' dir='ltr'>offenderet</span> <span class='ocrx_word' id='word_1_145' title='bbox 752 1982 844 2014; x_wconf 88' lang='lat' dir='ltr'>unum·</span> 
     </span>
     <span class='ocr_line' id='line_1_25' title="bbox 187 2038 835 2106; baseline -0.008 -17"><span class='ocrx_word' id='word_1_146' title='bbox 187 2057 314 2106; x_wconf 86' lang='lat' dir='ltr'>quemque</span> <span class='ocrx_word' id='word_1_147' title='bbox 323 2044 455 2104; x_wconf 75' lang='lat' dir='ltr'>politarum</span> <span class='ocrx_word' id='word_1_148' title='bbox 464 2041 529 2087; x_wconf 83' lang='lat' dir='ltr'>limae</span> <span class='ocrx_word' id='word_1_149' title='bbox 536 2038 608 2087; x_wconf 85' lang='lat' dir='ltr'>labor</span> <span class='ocrx_word' id='word_1_150' title='bbox 618 2049 643 2086; x_wconf 90' lang='lat' dir='ltr'>et</span> <span class='ocrx_word' id='word_1_151' title='bbox 652 2053 729 2086; x_wconf 90' lang='lat' dir='ltr'>mora.</span> <span class='ocrx_word' id='word_1_152' title='bbox 739 2039 811 2097; x_wconf 79' lang='lat' dir='ltr'>·Vos,</span> <span class='ocrx_word' id='word_1_153' title='bbox 819 2053 835 2084; x_wconf 95' lang='lat' dir='ltr'>o</span> 
     </span>
     <span class='ocr_line' id='line_1_26' title="bbox 187 2106 882 2176; baseline -0.001 -17"><span class='ocrx_word' id='word_1_154' title='bbox 187 2111 326 2175; x_wconf 73' lang='lat' dir='ltr'>Pompilius</span> <span class='ocrx_word' id='word_1_155' title='bbox 333 2112 450 2176; x_wconf 84' lang='lat' dir='ltr'>sanguis,</span> <span class='ocrx_word' id='word_1_156' title='bbox 458 2125 558 2158; x_wconf 87' lang='lat' dir='ltr'>carmen</span> <span class='ocrx_word' id='word_1_157' title='bbox 567 2107 741 2173; x_wconf 84' lang='lat' dir='ltr'>reprehendite</span> <span class='ocrx_word' id='word_1_158' title='bbox 751 2106 821 2173; x_wconf 88' lang='lat' dir='ltr'>quod</span> <span class='ocrx_word' id='word_1_159' title='bbox 830 2124 882 2158; x_wconf 80' lang='lat' dir='ltr'>uon</span> 
     </span>
     <span class='ocr_line' id='line_1_27' title="bbox 188 2179 756 2244; baseline -0.004 -14"><span class='ocrx_word' id='word_1_160' title='bbox 188 2182 272 2230; x_wconf 86' lang='lat' dir='ltr'>Multa</span> <span class='ocrx_word' id='word_1_161' title='bbox 281 2181 333 2228; x_wconf 86' lang='lat' dir='ltr'>dies</span> <span class='ocrx_word' id='word_1_162' title='bbox 343 2192 368 2229; x_wconf 91' lang='lat' dir='ltr'>et</span> <span class='ocrx_word' id='word_1_163' title='bbox 377 2181 456 2230; x_wconf 89' lang='lat' dir='ltr'>multa</span> <span class='ocrx_word' id='word_1_164' title='bbox 466 2181 539 2230; x_wconf 85' lang='lat' dir='ltr'>litura</span> <span class='ocrx_word' id='word_1_165' title='bbox 549 2179 672 2240; x_wconf 72' lang='lat' dir='ltr'>coercuit,</span> <span class='ocrx_word' id='word_1_166' title='bbox 681 2190 756 2244; x_wconf 87' lang='lat' dir='ltr'>atque</span> 
     </span>
     <span class='ocr_line' id='line_1_28' title="bbox 187 2251 786 2316; baseline -0.005 -15"><span class='ocrx_word' id='word_1_167' title='bbox 187 2255 331 2302; x_wconf 81' lang='lat' dir='ltr'>Presectum</span> <span class='ocrx_word' id='word_1_168' title='bbox 340 2253 420 2300; x_wconf 87' lang='lat' dir='ltr'>decies</span> <span class='ocrx_word' id='word_1_169' title='bbox 430 2268 484 2300; x_wconf 92' lang='lat' dir='ltr'>non</span> <span class='ocrx_word' id='word_1_170' title='bbox 492 2252 619 2316; x_wconf 77' lang='lat' dir='ltr'>castigavit</span> <span class='ocrx_word' id='word_1_171' title='bbox 628 2251 659 2297; x_wconf 86' lang='lat' dir='ltr'>ad</span> <span class='ocrx_word' id='word_1_172' title='bbox 669 2267 786 2316; x_wconf 82' lang='lat' dir='ltr'>unguem.</span> 
     </span>
     <span class='ocr_line' id='line_1_29' title="bbox 189 2321 710 2387; baseline -0.01 -16"><span class='ocrx_word' id='word_1_173' title='bbox 189 2323 321 2387; x_wconf 76' lang='lat' dir='ltr'>Ingenium</span> <span class='ocrx_word' id='word_1_174' title='bbox 330 2323 418 2370; x_wconf 76' lang='lat' dir='ltr'>miseri</span> <span class='ocrx_word' id='word_1_175' title='bbox 427 2323 486 2386; x_wconf 88' lang='lat' dir='ltr'>quia</span> <span class='ocrx_word' id='word_1_176' title='bbox 494 2321 648 2369; x_wconf 80' lang='lat' dir='ltr'>fortunatius</span> <span class='ocrx_word' id='word_1_177' title='bbox 658 2331 710 2368; x_wconf 88' lang='lat' dir='ltr'>arte</span> 
     </span>
    </p>

    <p class='ocr_par' dir='ltr' id='par_1_8' title="bbox 190 2390 760 2452">
     <span class='ocr_line' id='line_1_30' title="bbox 190 2390 760 2452; baseline -0.012 -11"><span class='ocrx_word' id='word_1_178' title='bbox 190 2393 288 2452; x_wconf 85' lang='lat' dir='ltr'>Credit,</span> <span class='ocrx_word' id='word_1_179' title='bbox 298 2403 323 2440; x_wconf 86' lang='lat' dir='ltr'>et</span> <span class='ocrx_word' id='word_1_180' title='bbox 331 2392 443 2441; x_wconf 81' lang='lat' dir='ltr'>excludit</span> <span class='ocrx_word' id='word_1_181' title='bbox 452 2407 524 2440; x_wconf 86' lang='lat' dir='ltr'>sanos</span> <span class='ocrx_word' id='word_1_182' title='bbox 534 2390 654 2437; x_wconf 85' lang='lat' dir='ltr'>Helicone</span> <span class='ocrx_word' id='word_1_183' title='bbox 661 2391 760 2452; x_wconf 76' lang='lat' dir='ltr'>politas,</span> 
     </span>
    </p>

    <p class='ocr_par' dir='ltr' id='par_1_9' title="bbox 125 2463 865 2666">
     <span class='ocr_line' id='line_1_31' title="bbox 125 2463 865 2526; baseline -0.009 -13"><span class='ocrx_word' id='word_1_184' title='bbox 125 2477 126 2482; x_wconf 76' lang='grc'>’</span> <span class='ocrx_word' id='word_1_185' title='bbox 189 2463 437 2523; x_wconf 82' lang='lat' dir='ltr'>Democritus‚bona</span> <span class='ocrx_word' id='word_1_186' title='bbox 445 2477 502 2526; x_wconf 87' lang='lat' dir='ltr'>pars</span> <span class='ocrx_word' id='word_1_187' title='bbox 511 2476 564 2508; x_wconf 90' lang='lat' dir='ltr'>non</span> <span class='ocrx_word' id='word_1_188' title='bbox 574 2474 669 2522; x_wconf 86' lang='lat' dir='ltr'>ungues</span> <span class='ocrx_word' id='word_1_189' title='bbox 678 2473 772 2521; x_wconf 90' lang='lat' dir='ltr'>ponere</span> <span class='ocrx_word' id='word_1_190' title='bbox 781 2468 865 2520; x_wconf 89' lang='lat' dir='ltr'>curat,</span> 
     </span>
     <span class='ocr_line' id='line_1_32' title="bbox 188 2527 797 2595; baseline -0.016 -11"><span class='ocrx_word' id='word_1_191' title='bbox 188 2535 250 2586; x_wconf 73' lang='lat' dir='ltr'>Non</span> <span class='ocrx_word' id='word_1_192' title='bbox 257 2532 374 2593; x_wconf 83' lang='lat' dir='ltr'>barbam,</span> <span class='ocrx_word' id='word_1_193' title='bbox 383 2543 475 2580; x_wconf 90' lang='lat' dir='ltr'>secreta</span> <span class='ocrx_word' id='word_1_194' title='bbox 485 2531 549 2595; x_wconf 89' lang='lat' dir='ltr'>petit</span> <span class='ocrx_word' id='word_1_195' title='bbox 556 2529 623 2588; x_wconf 88' lang='lat' dir='ltr'>loca,</span> <span class='ocrx_word' id='word_1_196' title='bbox 631 2527 718 2575; x_wconf 85' lang='lat' dir='ltr'>balnea</span> <span class='ocrx_word' id='word_1_197' title='bbox 727 2527 797 2574; x_wconf 85' lang='lat' dir='ltr'>vitat.</span> 
     </span>
     <span class='ocr_line' id='line_1_33' title="bbox 190 2599 800 2666; baseline -0.015 -13"><span class='ocrx_word' id='word_1_198' title='bbox 190 2604 351 2654; x_wconf 80' lang='lat' dir='ltr'>Nanciscetur</span> <span class='ocrx_word' id='word_1_199' title='bbox 360 2604 426 2652; x_wconf 90' lang='lat' dir='ltr'>enim</span> <span class='ocrx_word' id='word_1_200' title='bbox 436 2602 545 2666; x_wconf 89' lang='lat' dir='ltr'>pretium</span> <span class='ocrx_word' id='word_1_201' title='bbox 555 2614 698 2661; x_wconf 89' lang='lat' dir='ltr'>nomenque</span> <span class='ocrx_word' id='word_1_202' title='bbox 707 2599 800 2660; x_wconf 73' lang='lat' dir='ltr'>poitae,</span> 
     </span>
    </p>

    <p class='ocr_par' dir='ltr' id='par_1_10' title="bbox 190 2667 820 2803">
     <span class='ocr_line' id='line_1_34' title="bbox 190 2667 820 2738; baseline -0.013 -15"><span class='ocrx_word' id='word_1_203' title='bbox 190 2675 217 2724; x_wconf 89' lang='lat' dir='ltr'>Si</span> <span class='ocrx_word' id='word_1_204' title='bbox 227 2673 308 2722; x_wconf 88' lang='lat' dir='ltr'>tribus</span> <span class='ocrx_word' id='word_1_205' title='bbox 318 2673 445 2738; x_wconf 77' lang='lat' dir='ltr'>Anticyris</span> <span class='ocrx_word' id='word_1_206' title='bbox 456 2682 531 2737; x_wconf 80' lang='lat' dir='ltr'>caput</span> <span class='ocrx_word' id='word_1_207' title='bbox 539 2667 673 2717; x_wconf 85' lang='lat' dir='ltr'>insanabile</span> <span class='ocrx_word' id='word_1_208' title='bbox 682 2682 820 2734; x_wconf 82' lang='lat' dir='ltr'>numquam</span> 
     </span>
     <span class='ocr_line' id='line_1_35' title="bbox 190 2737 752 2803; baseline -0.012 -10"><span class='ocrx_word' id='word_1_209' title='bbox 190 2745 298 2794; x_wconf 90' lang='lat' dir='ltr'>Tonsori</span> <span class='ocrx_word' id='word_1_210' title='bbox 306 2744 393 2792; x_wconf 82' lang='lat' dir='ltr'>Licino</span> <span class='ocrx_word' id='word_1_211' title='bbox 402 2741 561 2790; x_wconf 86' lang='lat' dir='ltr'>commiserit.</span> <span class='ocrx_word' id='word_1_212' title='bbox 575 2741 598 2786; x_wconf 89' lang='grc' dir='ltr'><strong>Ο</strong></span> <span class='ocrx_word' id='word_1_213' title='bbox 608 2754 653 2803; x_wconf 87' lang='lat' dir='ltr'>ego</span> <span class='ocrx_word' id='word_1_214' title='bbox 661 2737 752 2797; x_wconf 85' lang='lat' dir='ltr'>laevus,</span> 
     </span>
    </p>

    <p class='ocr_par' dir='ltr' id='par_1_11' title="bbox 190 2809 806 2950">
     <span class='ocr_line' id='line_1_36' title="bbox 191 2809 806 2878; baseline -0.015 -15"><span class='ocrx_word' id='word_1_215' title='bbox 191 2815 244 2877; x_wconf 88' lang='lat' dir='ltr'>Qui</span> <span class='ocrx_word' id='word_1_216' title='bbox 252 2830 348 2878; x_wconf 85' lang='lat' dir='ltr'>purgor</span> <span class='ocrx_word' id='word_1_217' title='bbox 356 2814 433 2862; x_wconf 89' lang='lat' dir='ltr'>bilem</span> <span class='ocrx_word' id='word_1_218' title='bbox 442 2812 490 2860; x_wconf 86' lang='lat' dir='ltr'>sub</span> <span class='ocrx_word' id='word_1_219' title='bbox 500 2811 570 2858; x_wconf 85' lang='lat' dir='ltr'>verni</span> <span class='ocrx_word' id='word_1_220' title='bbox 579 2809 696 2872; x_wconf 83' lang='lat' dir='ltr'>temporis</span> <span class='ocrx_word' id='word_1_221' title='bbox 705 2809 806 2856; x_wconf 83' lang='lat' dir='ltr'>boram!</span> 
     </span>
     <span class='ocr_line' id='line_1_37' title="bbox 190 2876 765 2950; baseline -0.021 -12"><span class='ocrx_word' id='word_1_222' title='bbox 190 2886 251 2938; x_wconf 78' lang='lat' dir='ltr'>Non</span> <span class='ocrx_word' id='word_1_223' title='bbox 259 2885 323 2934; x_wconf 90' lang='lat' dir='ltr'>alius</span> <span class='ocrx_word' id='word_1_224' title='bbox 332 2884 422 2934; x_wconf 82' lang='lat' dir='ltr'>laceret</span> <span class='ocrx_word' id='word_1_225' title='bbox 432 2882 532 2932; x_wconf 88' lang='lat' dir='ltr'>meliora</span> <span class='ocrx_word' id='word_1_226' title='bbox 542 2882 667 2950; x_wconf 71' lang='lat' dir='ltr'>poinata:</span> <span class='ocrx_word' id='word_1_227' title='bbox 677 2876 765 2928; x_wconf 76' lang='lat' dir='ltr'>verim</span> 
     </span>
    </p>
   </div>
   <div class='ocr_carea' id='block_1_3' title="bbox 0 0 1106 3540">
    <p class='ocr_par' dir='ltr' id='par_1_12' title="bbox 0 0 1106 3540">
     <span class='ocr_line' id='line_1_38' title="bbox 0 0 1106 3540; baseline 0 0"><span class='ocrx_word' id='word_1_228' title='bbox 0 0 1106 3540; x_wconf 95' lang='lat' dir='ltr'> </span> 
     </span>
    </p>
   </div>
  </div>
 </body>
</html>
