2180 3518
197 314 245 367 ιη
356 306 750 369 Q.110RAT11FLACCI

229 400 316 460 Quum
325 397 357 444 eit
366 396 411 443 tibi
420 395 480 442 deus
489 404 553 454 ater,
562 406 587 443 et
596 396 663 460 rugis
672 408 745 444 vetus

349 470 466 514 Frontem
475 476 588 512 senectus
598 477 693 524 exaret3

228 535 335 600 Hietque
344 537 424 599 turpis
434 536 498 582 iuter
507 535 585 582 aridas
594 546 663 582 nates

216 650 219 655 .
349 605 447 663 lodex,
456 605 525 652 velut
534 605 617 652 crude
626 603 705 654 bovis.

228 676 277 725 Sed
285 677 371 724 incitat
381 691 419 722 me
429 687 516 739 pectus
525 685 550 722 et
560 691 671 723 mamma
679 686 779 739 putres,
862 685 865 690 ⁴

351 745 446 809 eqriua
456 745 540 808 quales
549 744 637 802 ubera3

227 819 371 880 Venterque
381 815 476 874 mollis,
484 825 509 862 et
518 814 600 862 femur
609 815 763 864 tumentibus

353 885 423 932 Exile
432 885 495 932 suria
506 884 625 933 additum.

229 958 287 1005 Esto
297 956 379 1012 beatu
389 954 466 1002 funus
474 965 548 1018 atque
557 955 674 1018 imagines

349 1027 448 1073 Ducant
458 1024 618 1087 triumphales
628 1035 715 1084 tuum5

228 1097 281 1146 Nec
290 1098 322 1144 sit
331 1096 416 1143 marita
425 1111 481 1158 quae
490 1093 680 1142 rotundioribus

350 1168 447 1213 Onusta
455 1165 534 1211 baccis
544 1163 660 1211 ambulet.

230 1236 312 1299 Quid,
322 1235 390 1300 qubd
399 1234 475 1282 libelli
486 1235 563 1282 Stoici
570 1234 635 1282 iuter
644 1234 734 1282 sericos

351 1308 367 1351 J
368 1320 435 1352 acere
444 1305 563 1368 pulvillos
572 1305 669 1350 amant?

229 1377 340 1426 Illiterati
351 1391 412 1422 num
422 1372 506 1422 minias
516 1375 586 1421 nervi
595 1374 689 1438 rigent?

351 1442 467 1492 Mimiave
476 1445 577 1508 languet
586 1443 723 1492 smoiuum?

230 1515 308 1578 Quod
317 1526 346 1562 ut
355 1513 463 1578 superbo
473 1529 594 1577 provoces
603 1514 634 1561 ab
642 1515 758 1577 inguine,

352 1587 402 1632 Ore
411 1583 605 1633 adlaborandum
614 1595 651 1632 eet
660 1583 713 1630 tibi.

446 1862 554 1929 ODE
589 1865 667 1928 lx:

369 2009 422 2055 ao
443 1981 734 2058 ulrcauarurr.

231 2110 340 2222 Quia
347 2162 384 2194 oo
394 2157 523 2210 repostum
533 2149 667 2197 Caecubum
677 2149 708 2196 ad
718 2149 789 2197 lestaa
799 2149 886 2213 dapes,

350 2218 451 2264 Victore
460 2219 531 2266 laetus
542 2221 646 2278 Caesare,

208 2333 211 2340 ,
228 2289 321 2336 Tecum
331 2287 377 2334 sub
387 2286 448 2346 alul,
458 2289 492 2335 sic
501 2289 560 2336 Jovi
569 2300 680 2353 gratum,
690 2289 779 2348 domo,

350 2360 422 2405 Beate
432 2360 564 2417 Maecenas,
574 2358 670 2417 bibam,

228 2431 335 2477 Sonaute
345 2429 453 2475 mixtum
463 2428 530 2475 tibiis
539 2445 638 2476 carmen
647 2429 713 2493 lyri,

349 2497 401 2546 llic
410 2499 530 2558 Dorium,
539 2499 588 2546 illis
597 2498 745 2556 Barbarum

228 2572 262 2616 Ut
274 2586 367 2632 nuper,
378 2580 447 2616 actus
456 2585 535 2632 quum
544 2569 608 2618 freto
619 2570 761 2633 Neptunius

350 2641 410 2686 Dux
419 2638 496 2703 sugit,
507 2640 569 2687 ustis
578 2639 697 2698 navibus,

227 2708 337 2754 Minatus
348 2708 406 2755 urbi
415 2709 509 2768 vincla,
518 2727 574 2773 quae
583 2710 720 2756 detraxerat

351 2779 432 2825 Servis
442 2780 534 2826 amicus
543 2779 661 2842 perfidis?

226 2848 342 2896 Romanu
348 2857 372 2907 ε’,
381 2849 456 2896 eheu!
466 2851 561 2912 posteri
569 2849 700 2916 negabitis!
