2176 3540
297 337 597 386 EPISTOLARUM
615 340 687 386 LIB.
706 340 743 387 11.
829 341 874 390 261

161 425 231 486 Quid
241 436 296 473 tum
306 425 414 489 profeci,
425 441 523 473 mecum
532 425 644 474 facientia
653 426 708 488 jura

162 499 187 544 Si
198 508 281 544 tamen
289 496 411 543 attentas?
420 496 537 556 Quereris
546 511 621 560 super
629 497 678 546 hoc
688 498 775 556 etiam,
784 499 854 560 qudd

161 567 293 630 Expectata
304 565 350 612 tibi
359 581 411 612 nou
423 567 517 613 mittam
528 567 635 614 carmina
644 568 759 616 mendax.

161 637 260 683 Luculli
269 635 339 683 miles
348 634 448 683 collecta
457 637 544 684 viatica
554 636 640 684 multis

161 706 312 762 Aerumnis,'
318 706 395 753 hssus
405 707 465 754 dum
474 717 552 754 noctu
561 708 655 767 stertit,
665 707 696 754 ad
705 723 783 755 assem

162 775 316 823 Perdiderat:
326 776 441 838 posthoc
450 776 583 824 vehemens
592 777 680 841 lupus,
689 788 714 824 et
723 779 770 826 sibi
779 788 804 826 et
809 779 878 827 hosti

160 849 241 892 Iratus
250 846 354 908 pariter,
365 845 458 907 jejunis
466 846 583 894 dentibus
593 863 660 906 acer,

161 916 305 962 Praesidium
316 916 393 978 regaie
402 916 458 963 loco
468 915 569 977 dejecit,
578 928 607 964 ut
617 918 700 976 aiunt,

161 985 263 1034 Summi
273 987 385 1044 munito,
394 997 419 1032 et
426 987 563 1034 muitarum
573 987 649 1034 divite
659 1003 750 1035 rerum.

161 1055 249 1103 Clarus
259 1055 293 1103 ob
301 1055 327 1102 id
336 1055 443 1115 iactum,
453 1056 525 1104 donis
535 1067 638 1104 ornatur
647 1055 772 1114 honestis;
838 1103 841 1106 ,

161 1127 260 1189 Accipit
269 1125 343 1183 ethis
354 1125 416 1172 dena
426 1140 502 1189 super
510 1127 620 1174 sestertia
630 1125 771 1174 nnmmiam.

160 1195 233 1243 Forte
243 1195 291 1242 sub
300 1195 349 1242 hoc
358 1189 456 1258 tempus
466 1195 591 1243 castellum
601 1206 709 1244 evertere
718 1193 809 1259 praeior

110 1281 113 1285 ·
161 1267 252 1314 Nescio
260 1265 329 1328 quod
338 1267 454 1329 cupiens,
463 1265 559 1314 hortari
567 1268 642 1329 coepit
651 1267 766 1314 eumdem

161 1336 250 1383 Verbis
260 1351 314 1398 quae
325 1335 412 1383 timido
420 1351 522 1399 quoque
533 1348 634 1398 possent
643 1337 732 1384 addere
743 1347 863 1385 mentem:

159 1408 186 1464 1,
195 1406 276 1465 bone,
285 1407 337 1469 qud
346 1407 425 1453 virtus
434 1417 478 1454 tua
488 1417 512 1452 te
521 1417 606 1463 νοοίης
616 1408 625 1454 i
635 1407 698 1471 pede
707 1407 802 1468 fausto,

163 1476 271 1523 Grandia
280 1476 374 1524 laturus
384 1476 530 1524 meritorum
538 1478 649 1539 prumia:
660 1478 722 1542 quid
730 1479 794 1526 stas?

162 1548 222 1594 Post
232 1547 283 1593 haec
292 1545 332 1592 ille
341 1557 422 1605 catus,
433 1548 594 1610 quantumvis
603 1549 724 1608 rusticus,
733 1549 795 1608 Ibit,

162 1616 212 1662 Ibit
221 1617 251 1664 ed
261 1617 313 1679 qud
322 1617 373 1674 vis,
383 1617 426 1678 qui
434 1631 521 1664 ronam
531 1618 652 1681 perdidit,
661 1619 751 1680 inquit.

162 1688 249 1734 Romae
259 1687 350 1733 nutriri
359 1685 422 1732 mihi
430 1686 547 1749 contigit,
558 1697 632 1750 atque
644 1687 728 1733 doceri

162 1759 242 1804 iratus
252 1757 332 1804 Graiis
340 1754 463 1819 quantum
472 1756 596 1802 nocuisset
605 1755 725 1802 Achilles:

163 1825 282 1887 Adjecere
292 1825 364 1874 bonae
372 1827 447 1888 paulis
457 1825 514 1888 plns
523 1826 582 1872 artis
591 1825 708 1882 Athenae3

163 1897 260 1944 Scilicet
269 1908 297 1943 ut
305 1912 403 1959 possem
413 1913 490 1943 curvo
501 1896 642 1958 dignoscere
652 1905 761 1954 rectum,

163 1968 248 2030 Atque
257 1967 323 2013 iuter
331 1967 402 2013 siivas
413 1965 530 2014 Academi
536 1981 647 2028 quaerere
656 1979 751 2011 verum.

162 2039 231 2084 Dura
240 2036 283 2083 sed
292 2036 405 2084 emovere
413 2037 470 2083 loco
480 2052 518 2082 me
529 2045 639 2098 tempora
648 2045 731 2098 grst03

164 2107 298 2170 civilisque
307 2106 394 2153 rudem
403 2106 460 2153 beili
470 2106 528 2154 tulit
537 2117 610 2153 aestus
619 2107 647 2154 iu
655 2120 735 2166 arma,

164 2177 264 2228 Caesaris
275 2177 382 2240 Augusti
392 2192 444 2224 non
453 2191 599 2240 responsura
608 2177 710 2226 lacertis.

164 2248 235 2295 Unde
245 2246 319 2294 simul
327 2245 437 2310 primum
447 2263 486 2292 me
495 2246 608 2294 dimisere
617 2247 739 2310 Philippi,

163 2317 257 2365 Decisis
265 2317 385 2364 humilem
395 2316 497 2379 pennis,
505 2317 655 2378 inopemque
665 2316 762 2378 paterni

71 2393 74 2403 '
164 2389 194 2434 Et
202 2387 259 2434 iaris
269 2399 294 2434 et
303 2385 389 2444 fundi,
397 2397 528 2449 paupertas
537 2386 636 2447 impulit
645 2385 728 2432 audax

165 2459 199 2505 Ut
208 2474 295 2504 versus
305 2456 420 2521 iacerem:
430 2455 473 2502 sed
482 2455 551 2518 quod
560 2453 612 2501 non
621 2454 684 2500 desit
693 2453 825 2500 habentem

165 2530 228 2589 Qnae
238 2536 359 2589 poterunt
368 2543 488 2588 umquam
498 2525 555 2572 satis
565 2537 700 2586 expurgare
710 2523 809 2580 uentre,

165 2599 198 2644 Ni
208 2595 296 2644 melius
305 2596 413 2643 dormire
421 2606 508 2660 putem
520 2592 595 2658 quim
604 2593 709 2640 scribere
719 2593 818 2640 versus?

165 2667 266 2731 Singula
276 2667 307 2712 de
316 2665 388 2713 nobis
398 2666 456 2712 anni
465 2665 607 2729 praedantur
616 2674 715 2722 euntes;

163 2738 285 2800 Eripuere,
291 2736 374 2798 jocos,
384 2738 519 2794 Venerem,
528 2734 655 2793 convivia,
663 2734 765 2792 ludnm;

165 2806 285 2855 Tendunt
293 2817 441 2868 extorquere
451 2808 576 2868 poimata:
586 2805 647 2868 quid
656 2803 742 2852 faciam
750 2804 804 2851 vis?

165 2877 279 2942 Denique
289 2893 341 2926 non
352 2891 438 2925 ornnes
447 2875 531 2923 eadem
541 2875 663 2924 mirantur
670 2885 814 2936 amantque:
