2180 3518
313 299 647 352 sternerentur.
666 304 685 352 1.
807 305 855 365 175
886 368 890 376 1

138 391 192 439 Hoc
202 391 300 438 miserae
309 390 378 454 plebi
387 389 466 438 stabat
474 407 607 439 commune
617 391 772 455 sepulcrum,

138 461 276 510 Pantolabo
287 477 392 520 scurrae,
404 461 612 526 Nomentanoque
623 463 718 526 nepoti.

140 531 208 578 Mille
218 531 294 594 pedes
304 531 332 577 in
341 531 438 589 fronte,
448 541 570 578 trecentos
580 533 669 596 cippus
678 534 705 579 in
715 547 802 595 agrum

141 601 187 654 llic
197 601 285 659 dabat3
296 600 405 647 haeredes
416 613 605 648 monumentum
616 617 647 650 ne
657 613 808 665 sequeretur.

139 671 215 718 Nune
224 671 284 728 lioet
292 670 409 732 Esquiliis
417 669 527 716 habitare
538 671 689 731 salubribus,
700 683 773 734 atque

140 741 235 803 Aggere
240 742 273 787 -in
282 741 366 802 aprico
376 741 486 802 spatiari,
496 756 547 802 quo
557 741 633 788 modo
643 742 723 788 tristes

142 811 212 857 Albis
221 811 358 856 informem
368 809 511 872 spectabant
520 810 617 856 ossibus
626 826 722 874 agrum.

143 881 229 940 Quum
240 879 303 926 mihi
311 895 365 926 non
374 877 472 926 tantum
483 879 613 942 furesque,
623 879 729 942 feraeque
739 891 813 928 suetae

142 951 214 997 Hunc
222 965 314 996 vexare
323 949 421 1007 locum,
430 965 494 995 curte
504 959 564 994 sunt
573 960 646 1014 atque
655 949 746 1008 labori,

19 1079 20 1086 ἵ
99 1005 117 1042 ³
144 1017 272 1080 Quantum
283 1018 433 1065 carminibus
444 1033 498 1081 quae
508 1029 607 1064 versant
616 1029 689 1080 atque
699 1020 799 1067 venenis

143 1091 273 1136 Humanos
281 1089 389 1135 animos:
399 1089 443 1134 bas
452 1088 525 1134 nullo
533 1087 635 1150 perdere
644 1105 746 1150 possum

143 1160 193 1206 Nee
202 1158 338 1222 prohibere
348 1157 437 1216 modo,
448 1156 522 1204 simul
533 1171 560 1202 ae
570 1170 629 1220 vaga
640 1158 699 1204 luna
709 1158 826 1205 decorum

144 1229 253 1276 Protulit
263 1243 304 1286 os,
315 1228 377 1290 quin
387 1243 441 1274 ossa
450 1227 545 1290 legant,
554 1227 691 1289 herbasque
701 1239 826 1276 nocentes.

144 1300 201 1347 Vidi
212 1307 311 1361 egomet
320 1296 388 1360 nigri
398 1298 546 1344 succinctam
557 1297 643 1344 vadere
653 1298 716 1361 palisi

146 1367 284 1426 Canidiam,
294 1365 399 1430 pedibus
409 1366 483 1413 nudis
492 1381 613 1431 passoque
622 1369 723 1431 capillo,

144 1440 207 1487 Curn
217 1435 310 1500 Sagani
320 1435 413 1498 majore
424 1437 571 1494 ululantem
581 1439 661 1500 pallor
670 1449 786 1503 utrasque
847 1491 849 1500 Ι

142 1513 241 1556 Fecerat
250 1506 387 1554 horrendas
398 1516 506 1568 aspectu.
521 1507 631 1569 scalpere
640 1519 729 1556 terram

145 1577 290 1641 Unguibus,
300 1586 326 1622 et
335 1576 430 1638 pullam
439 1575 553 1622 divellere
563 1578 687 1626 mordicus
697 1592 784 1640 agnam

146 1649 294 1711 Coeperunt:
305 1660 380 1693 eruor
388 1645 416 1692 in
424 1645 514 1693 fossam
523 1647 656 1706 confusus,
665 1659 694 1694 ut
703 1647 761 1694 inde

145 1719 231 1764 Manes
242 1717 371 1775 elicerent,
381 1715 472 1762 animas
482 1731 598 1778 responsa
608 1715 713 1762 daturas.

145 1790 226 1835 Lanea
235 1796 260 1832 et
269 1781 363 1848 efligies
372 1796 436 1844 erat,
446 1785 519 1831 altera
529 1792 611 1842 cerm}
618 1783 698 1845 major

145 1859 240 1915 Lanea,
249 1871 305 1918 quae
314 1855 394 1916 poeuis
403 1847 728 1918 compesceres‘lntstiorem.

148 1928 221 1975 Cerea
232 1919 377 1987 supplicitei
387 1925 478 1983 stabat,
489 1915 632 1996 seruilibdsl
642 1935 720 1988 utque

148 1998 165 2042 J
165 2013 205 2044 arn
215 1995 340 2058 petitura,
349 1995 437 2040 modis.
451 1995 559 2040 Hecaten
568 2005 640 2041 vorat
649 1995 723 2042 altera
732 2010 831 2053 saevam,

147 2067 233 2114 Altera
242 2064 409 2126 Tisiphonen:
419 2075 543 2126 serpentes
553 2075 626 2127 atque
636 2065 731 2113 videres

148 2136 259 2186 Infernas
269 2149 348 2180 errare
357 2144 440 2192 canet,
450 2135 584 2197 lunamque
594 2135 738 2194 rubentem,

149 2205 186 2252 Ne
196 2205 263 2252 foret
271 2204 311 2250 his
321 2205 403 2263 testis,
413 2215 472 2267 post
480 2219 566 2266 magna
575 2206 648 2252 latere
658 2205 777 2268 sepulcra.
867 2217 869 2222 ’

135 2331 139 2338 ¹
149 2276 259 2322 Mentior
268 2285 293 2320 at
303 2274 324 2321 si
333 2273 407 2336 qnid,
418 2272 508 2320 merdis
517 2286 592 2337 caput
601 2275 716 2337 inquiner
725 2270 793 2320 albis*

150 2347 303 2401 Corvorum3
312 2355 386 2406 atque
395 2345 470 2394 inme
480 2345 580 2391 veniant
590 2345 693 2400 mictum
704 2354 776 2404 atque
784 2357 849 2388 caca-

237 2427 292 2462 tum

150 2484 233 2530 Julius
242 2494 267 2530 et
277 2483 368 2546 fragilis
377 2483 483 2530 Pediatia
493 2483 584 2544 furque
593 2484 715 2527 Vorenus.

150 2553 252 2616 Singula
262 2552 323 2614 qnid
334 2555 484 2600 memorem?
493 2567 545 2614 quo
553 2560 627 2613 pacto
634 2549 862 2612 alternaloqnentes

150 2623 250 2670 Umbrae
260 2639 318 2669 curn
327 2622 420 2685 Sagunti
429 2621 568 2670 resonarint
577 2620 646 2666 triste
655 2629 680 2665 et
688 2630 789 2668 acutum
797 2637 803 2676 ;

150 2693 234 2754 thue
243 2693 299 2755 lupi
308 2692 409 2738 barbam
419 2691 491 2748 variae
500 2705 559 2736 cum
569 2689 641 2736 dente
650 2689 758 2738 colubrae

150 2761 300 2808 Abdiderint
309 2761 397 2808 furtim
407 2761 491 2816 terris;
500 2770 524 2806 et
534 2760 638 2822 imagine
647 2760 715 2807 cereri

150 2831 253 2895 Largior
260 2831 347 2878 artent
356 2831 433 2894 ignis;
443 2841 467 2876 et
477 2839 506 2876 ut
515 2843 568 2884 uon
576 2830 645 2876 testis
653 2830 749 2880 inultus
