2190 3546
338 277 568 362 clusinensi
585 279 657 326 ms.
674 279 730 326 111.
857 297 885 342 71

430 562 546 638 'orsu
577 573 624 670 ,V-

243 680 360 768 Couro
370 727 497 764 tonantem
508 715 659 764 credidimus
668 719 756 769 lovem

242 791 367 854 Regnare:
377 803 483 850 praesens
493 786 566 833 divus
574 787 706 836 habebitur

278 861 420 923 Augustus,
429 857 532 918 adjectis
539 857 663 904 Britannis

313 928 433 992 Imperio,
443 926 610 992 gravibusque
619 929 704 976 Persis.

244 1069 348 1116 Milesue
358 1069 436 1117 Crassi
444 1066 553 1131 conjuge
563 1066 664 1115 barbari

246 1140 336 1202 Turpis
345 1140 447 1186 maritus
457 1138 534 1184 vixit!
545 1147 569 1184 et
578 1137 688 1184 bostium

282 1209 363 1270 (Proh
372 1210 453 1268 euris,
463 1208 605 1270 inversique
615 1212 722 1274 moresl)

314 1279 450 1328 Consenuit
459 1293 602 1326 socerorum
611 1279 638 1326 in
647 1281 722 1341 arvis,

245 1419 296 1468 Sub
306 1435 361 1482 rege
369 1419 457 1478 Medo,
466 1420 563 1466 Mersus
573 1428 598 1465 et
606 1420 735 1483 Appulus,

245 1491 400 1538 Aneiliorum
411 1500 436 1536 et
444 1489 552 1536 nominis
562 1498 586 1535 et
596 1499 659 1553 togae

280 1560 393 1618 Oblitus,
404 1569 548 1622 aeteruaeque
557 1561 649 1619 Vestae,

313 1629 436 1677 Incolumi
446 1631 510 1677 Jove
519 1639 544 1676 et
553 1628 614 1676 urbe
624 1629 716 1678 Romi!

244 1771 298 1830 lioe
307 1780 402 1816 civem
411 1785 479 1817 mens
488 1769 592 1833 provida
601 1769 703 1832 Reguli,

245 1841 416 1888 Dissentieutis
425 1837 612 1886 conditionibus

279 1910 371 1968 Foedis,
381 1921 406 1956 et
414 1910 529 1972 exemplo
539 1907 647 1954 trahenti

315 1980 449 2027 Perniciem
458 1979 560 2026 veniens
568 1979 596 2025 iu
605 1993 698 2039 fevum,

246 2120 272 2169 Si
280 2135 332 2168 uon
340 2121 432 2182 periret
440 2119 618 2166 immiserabilis

267 2191 366 2252 Captiva
374 2190 463 2254 pubes.
475 2191 547 2253 Signa
557 2205 601 2253 ego
611 2191 708 2239 Punicis

280 2258 364 2308 Affixa
374 2259 495 2318 delubris,
505 2271 528 2306 et
538 2276 604 2306 arma

315 2329 437 2376 Militibus
447 2331 498 2377 sine
507 2330 584 2390 caede,
594 2329 670 2392 dixit,

247 2469 347 2533 Direptt
356 2469 420 2517 vidi:
431 2471 483 2518 vidi
492 2487 537 2534 ego
548 2470 642 2516 civium

246 2541 346 2587 Retortt
356 2551 425 2604 tergo
433 2540 533 2588 brachia
541 2539 633 2596 libero,

281 2612 416 2673 Portasque
425 2627 478 2658 nou
487 2611 592 2665 clausas,
602 2618 627 2653 et
636 2622 692 2668 arva

314 2682 394 2727 Marte
403 2681 452 2728 coli
459 2681 578 2745 populata
588 2687 682 2724 nostro.

244 2817 316 2866 Auro
324 2835 443 2883 repensus
452 2819 543 2866 scilicet
552 2818 630 2864 acrior

244 2889 316 2936 Miles
325 2889 433 2938 redibit?
442 2889 544 2954 Flagitio
556 2887 644 2935 additis
