2180 3518
335 316 594 365 ‘SATIRARUM
612 319 685 364 LIB.
705 319 726 363 Ι.
846 317 893 363 153

169 405 237 454 Nou
248 419 317 452 uxot
326 405 423 451 salvum
434 415 457 450 te
466 405 533 463 vult,
542 420 595 452 nou
604 403 683 452 filius:
693 419 779 450 omnes

171 476 263 522 Vicini
273 474 396 534 oderunt,
405 475 474 532 noti,
483 475 554 537 pueri
562 485 635 537 atque
645 471 742 536 puellae.

171 545 292 602 Miraris,
303 559 383 607 quum
393 554 422 590 tu
431 554 530 607 argento
540 554 597 606 post
607 545 689 591 omnia
697 558 787 606 ponas,

172 617 202 664 Si
212 630 292 662 nemo
302 623 414 676 praestet,
424 629 499 675 quem
508 609 560 660 riou
570 614 694 673 merearis,
703 613 829 660 amorem?

172 689 236 743 An,
245 676 266 730 si
275 693 407 746 cognatos,
415 684 487 730 nullo
496 693 584 729 natura
592 683 677 730 labore

174 757 255 815 Quos
264 753 311 800 tibi
321 752 375 812 dat,
382 753 487 799 retinere
495 753 568 812 pelis,
578 767 722 815 servareque
731 753 835 812 amicos,

172 823 271 871 Infelix
281 838 381 885 operam
389 822 490 884 perdas,
501 832 530 869 ut
539 823 560 868 si
569 823 625 884 quis
634 821 735 868 asellum

175 897 210 940 In
220 908 309 954 campo
320 893 405 940 doceat
414 903 540 956 parentem
549 907 647 938 currere
657 891 753 937 fraenis?

174 963 295 1024 Denique
304 963 337 1008 sit
346 961 403 1008 finis
413 961 549 1024 quaerendi3
561 976 662 1024 quoque
671 959 760 1006 habeas
769 960 837 1022 plus,

175 1033 327 1095 Pauperiem
337 1027 432 1078 metuas
441 1029 537 1090 mimis,
547 1041 572 1077 et
580 1029 651 1077 finire
660 1029 769 1076 laborem

177 1101 300 1164 Incipias,
309 1112 381 1164 parto
391 1096 460 1163 quod
469 1100 569 1159 avebas3
578 1116 611 1146 ne
620 1097 691 1146 facias
701 1098 768 1162 quod

175 1170 324 1220 Ummidius
333 1170 447 1234 quidam,
456 1185 509 1217 non
517 1170 591 1234 longa
601 1179 638 1217 est
647 1169 741 1228 fabula,
750 1169 817 1216 dives

177 1244 217 1288 Ut
226 1242 354 1288 metiretur
364 1255 495 1299 nummos3
504 1239 538 1287 ita
547 1238 675 1298 sordidus,
687 1250 716 1286 ut
726 1255 750 1286 se

178 1311 241 1358 Nou
251 1326 372 1373 umquam
382 1325 452 1357 servo
462 1309 550 1356 melitis
561 1311 673 1367 vestiret3
683 1307 802 1373 adusque

178 1384 333 1444 Supremam
343 1390 454 1442 tempus,
463 1395 495 1426 ne
504 1396 529 1426 se
537 1381 640 1443 penuria
648 1377 730 1438 vietis

180 1451 356 1514 Opprimeret‚
366 1449 497 1496 metuebat.
515 1451 549 1496 At
556 1451 625 1497 hunc
634 1449 720 1497 liberta
729 1450 809 1496 securi

180 1521 274 1568 Divisit
284 1520 408 1577 medium,
417 1519 550 1566 fortissima
559 1519 762 1584 Tyndaridarum.
769 1546 804 1556 -

181 1589 254 1650 Quid
263 1589 299 1636 mi
307 1590 384 1653 igitur
393 1589 495 1648 suades?
504 1600 533 1636 ut
541 1591 623 1636 vivam
632 1590 748 1639 Nervius?
757 1599 800 1636 aut
809 1589 843 1636 sic

181 1661 218 1707 Ut
226 1660 416 1707 Nomentanus?
424 1686 459 1695 -
467 1661 549 1724 Pergis
559 1660 695 1723 pugnantia
704 1673 788 1705 secum

126 1777 128 1781 ,
180 1729 318 1776 Frontibus
326 1726 437 1776 adversis¹
442 1731 606 1792 componere?
618 1729 678 1776 Nou
688 1743 745 1790 ego,
754 1739 855 1773 avarum

181 1801 272 1860 Quum
282 1809 340 1846 veto
351 1811 375 1846 te
385 1797 452 1859 fieti,
461 1815 566 1863 vappam
575 1797 652 1860 jubeo
662 1811 689 1842 ao
697 1796 854 1843 nebulonem.

181 1871 226 1916 Est
235 1869 300 1916 inter
308 1869 410 1915 Tanaim
419 1869 538 1932 quiddam
548 1881 709 1930 socerumque
719 1865 813 1913 Viselli.

181 1939 226 1987 Est
235 1937 326 1985 modus
334 1940 361 1984 in
370 1939 457 1999 rebus,
466 1951 526 1988 sunt
535 1940 595 1987 certi
605 1938 710 2002 denique
720 1935 794 1996 fines,

181 2010 256 2069 Quos
266 2007 331 2054 ultra
339 2009 448 2072 citraque
456 2011 544 2074 nequit
553 2002 686 2056 consistere
695 2019 798 2055 rectum.

182 2079 261 2137 Illuc,
270 2077 338 2124 uude
346 2078 407 2137 abii,
416 2079 497 2126 redeo,
513 2080 617 2126 Nemon'
627 2090 656 2126 ut
665 2093 752 2126 avarus

181 2150 213 2195 Se
222 2146 327 2211 probet,
336 2159 361 2194 at
370 2147 455 2210 potiirs
464 2149 548 2196 laudet
557 2149 651 2196 diversa
660 2149 804 2212 sequentes?

182 2217 311 2279 Quodque
320 2218 397 2264 aliena
406 2219 498 2282 capella
507 2229 573 2282 gerat
583 2219 715 2282 distentius
725 2217 799 2276 uber,

174 2287 316 2346 ,Tabescati
323 2300 405 2350 neque
415 2305 440 2334 se
450 2288 536 2349 majori
546 2290 722 2352 pauperiorum

183 2356 275 2415 Turba·
281 2359 422 2419 comparet?
430 2359 499 2404 hunc
506 2369 579 2422 atque
587 2358 655 2404 hunc
665 2373 779 2420 superare
788 2355 897 2402 laboret?

183 2427 223 2473 sie
232 2426 360 2473 festinanti
368 2443 463 2490 semper
472 2427 619 2490 locupletior
629 2425 722 2472 obstat:

184 2498 231 2555 Ut,
243 2509 323 2559 quum
334 2497 471 2544 carceribus
479 2498 566 2543 missos
576 2495 640 2557 rapit
649 2495 741 2556 ungula
752 2507 852 2550 currus,

182 2568 260 2612 Instat
269 2565 339 2628 equis
348 2568 431 2630 auriga
440 2583 498 2614 suos
507 2563 679 2622 vincentibus,
687 2563 759 2611 illum
852 2565 854 2572 '

181 2636 338 2682 Praeteritum
348 2634 593 2685 temnens'eitremos
602 2635 782 2682 intereuntem.

182 2704 244 2751 Inde
254 2703 284 2752 fit
293 2716 323 2752 ut
332 2707 401 2765 raro,
409 2707 454 2770 qui
463 2723 488 2752 se
496 2705 586 2751 vixisse
595 2704 695 2752 beatum

183 2776 267 2834 Dicat,
278 2786 303 2822 et
312 2786 398 2824 exacto
406 2783 538 2824 contentus
548 2784 658 2836 tempore
666 2775 723 2822 vitae
