2180 3518
379 291 542 344 E'PODON
561 299 690 345 LIBER.
843 313 890 354 ¹²7

331 387 411 448 Dapes
420 385 540 448 inemptas
548 397 660 449 apparet:

207 455 270 502 Non
279 471 318 501 me
326 456 432 502 Lucrina
441 455 550 516 juverint
559 456 700 519 conchylia,

331 527 442 588 Magisve
452 524 585 584 rhombus,
595 537 638 573 aut
646 526 721 584 scari,

209 596 237 644 Si
246 611 309 659 quos
317 597 373 643 Eois
382 597 493 642 intonata
502 594 619 642 fluetibus

332 667 416 713 Hiems
426 664 457 711 ad
466 665 515 712 hoe
524 675 603 712 vertat
612 681 690 724 mare3

208 735 271 782 Non
279 734 338 782 Mea
347 737 398 783 avis
408 735 538 783 descendat
546 737 575 781 in
583 747 695 782 ventrem
705 751 800 795 meum,

332 806 392 854 Non
402 817 498 868 attagen
507 806 608 852 Ionicus

211 875 364 936 Jneundior,
373 876 448 940 quim
458 876 521 922 leeta
531 875 562 921 de
571 875 740 938 pinguissimis

321 993 324 998 ,
333 946 405 993 Oliva
413 946 488 992 ramis
498 945 630 1004 arborum,

212 1015 266 1063 Aut
275 1014 350 1064 herba
358 1016 452 1079 lapathi
457 1027 529 1078 prata
539 1016 656 1074 amantis,
664 1025 690 1062 et
698 1015 765 1078 gravi

334 1087 422 1141 Malvae
431 1085 541 1132 salubres
551 1087 662 1146 corpori,

212 1153 260 1202 Vel
270 1171 330 1219 agna
338 1155 405 1203 festis
414 1172 474 1203 caesa
484 1154 678 1213 Terminalibus,

335 1227 382 1272 Vel
391 1226 481 1273 hoedus
490 1236 591 1289 ereptus
599 1226 669 1289 lupo,

212 1296 263 1342 llas
271 1295 335 1343 inter
344 1297 441 1359 epulas,
452 1307 481 1343 ut
490 1295 498 1357 j
502 1308 560 1343 uvat
568 1307 648 1360 pastas
658 1311 717 1343 oves

335 1365 425 1412 videre
434 1377 593 1429 properantes
603 1366 720 1424 domum;

212 1435 302 1483 Videre
312 1435 388 1483 sessos
397 1451 524 1482 vomerem
533 1437 659 1485 inversum
667 1436 745 1484 boves

338 1506 409 1553 Collo
419 1506 543 1553 trahentes
551 1507 681 1569 languido;

214 1577 360 1638 Positosque
369 1591 469 1636 vernas,
478 1575 536 1624 ditis
546 1593 648 1624 examen
657 1573 760 1635 demde,

336 1645 435 1693 Cirenm
444 1646 583 1693 renidentes
592 1649 674 1693 Lares!

215 1717 272 1763 Hac
281 1715 326 1762 uhi
334 1716 434 1762 locutus
443 1714 574 1780 ¹foenerator
584 1714 678 1773 Alfius,

336 1787 392 1832 Jam
401 1784 451 1847 jam
461 1784 562 1832 futurus
571 1785 693 1842 rusticus,

216 1858 323 1903 Omnem
333 1856 425 1919 redegit
435 1855 520 1904 Idibus
529 1855 673 1918 pecuniam

336 1927 432 1987 Quaerit
440 1925 558 1984 Kalendis
568 1939 670 1989 ponere.

185 2089 882 2114 §mmmmm

427 2204 535 2269 ODE
569 2205 647 2271 ΙΙΙ.

354 2349 408 2396 su
433 2349 720 2399 Marcausrasr.

215 2451 382 2536 Paarrrrs
392 2490 452 2538 olim
463 2491 549 2554 siquis
557 2487 634 2552 impii
644 2502 721 2534 maun

337 2561 418 2608 Senile
427 2571 514 2623 guttur
524 2559 637 2622 fregerit,

216 2627 279 2676 Edat
288 2629 374 2676 cientis
383 2630 468 2678 allium
477 2630 616 2678 nocentius.
672 2665 674 2671 .

160 2695 165 2704 ⁸
338 2701 361 2746 0
373 2699 434 2747 dura
444 2716 581 2746 messorum
590 2697 643 2746 ilia!

218 2768 290 2829 Quid
298 2769 347 2816 hoe
355 2771 446 2817 veneni
455 2771 523 2816 saevit
531 2771 559 2816 in
568 2769 720 2832 praecordiis!

340 2839 409 2886 Num
418 2839 546 2902 viperinus
554 2839 594 2887 his
604 2855 678 2887 eruor
