2176 3540
184 327 188 336 ·
211 319 260 368 ²62
367 319 765 382 Q.H0nsr11r'LAccr

211 407 325 456 Carmine
335 417 364 455 tu
372 410 474 472 gaudem
485 410 526 456 hic
535 409 671 458 delectatur
679 409 779 467 iambis;

211 477 253 525 Ille
263 479 362 526 Bioneis
371 479 527 540 sermonibus
536 491 561 526 et
570 479 618 527 sale
630 480 709 543 nigro.
732 493 735 499 ·

211 549 271 596 Tres
280 548 342 595 mihi
350 550 460 596 convive
469 549 548 613 prope
559 549 687 597 dissentire
695 549 826 607 videntur,

210 620 341 666 Poscentes
348 619 417 665 vario
427 618 535 666 multum
546 620 640 667 diversa
650 619 743 683 palato:

212 687 281 748 Quid
288 687 428 750 demlquid
436 704 489 736 nou
496 689 657 738 demirenuis
664 699 693 736 tu
700 688 769 751 quod
776 685 930 750 jubet'alter5·

212 757 290 817 Quod
298 759 376 820 petis,
383 758 411 805 id
420 758 478 806 sane
485 770 524 807 est
532 760 640 808 inrisum
650 758 799 821 acidumque
808 756 916 805 duobus.

211 828 302 874 Praeter
311 838 403 888 cetera,
413 843 452 876 me
462 830 579 876 Romaene
587 831 701 893 poe'mata
711 843 794 876 censes

214 896 324 945 Scribere
333 913 406 961 posse
415 900 480 946 inter
489 909 527 946 tot
536 913 606 946 curas
616 909 704 962 totque
713 897 825 945 labores?

213 969 260 1014 Hic
270 983 390 1031 sponsum
399 979 484 1028 vocat,
493 969 534 1016 hic
543 969 657 1016 auditum
662 969 770 1032 scripta,
779 967 869 1014 relictis

214 1037 339 1086 Omnibus
348 1037 449 1086 officiis:
459 1038 534 1086 cubat
541 1039 583 1097 hic
591 1039 618 1086 iu
627 1038 689 1086 colle
700 1038 815 1099 Quirini,

213 1107 261 1154 llic
270 1119 382 1157 extremo
391 1110 418 1155 in
427 1110 567 1167 Aventin03
575 1107 694 1156 visendus
703 1119 814 1170 uterque.

216 1179 346 1226 Intervalla
356 1179 425 1226 vides
434 1179 543 1226 humane
553 1178 691 1226 commoda.
706 1176 799 1224 Verum

215 1251 286 1296 Purae
296 1260 356 1296 sunt
364 1245 462 1312 plete'te,
470 1249 534 1296 nihil
542 1258 571 1295 ut
580 1247 756 1296 meditantibus
766 1246 855 1295 obstet.

216 1319 324 1365 Festinat
333 1317 427 1366 calidus
435 1318 509 1365 mulis
519 1317 822 1382 gerulisque-redemptum

217 1389 401 1450 'l'orquetnunc
407 1388 527 1451 lapidem,
533 1403 601 1434 nuuc
607 1390 694 1450 ingens
702 1387 813 1434 machine
820 1389 917 1452 tignum
925 1404 933 1446 3

217 1457 306 1505 Tristia
317 1457 425 1504 robustis
435 1457 562 1504 luctantur
571 1457 657 1504 funere
666 1457 794 1521 plaustris3

217 1525 268 1573 Hae
278 1524 373 1572 rabiosa
382 1525 446 1589 fugit
455 1527 535 1587 cenis,
545 1526 590 1574 hle
599 1527 721 1575 lutulenta
731 1529 781 1575 ruit
790 1543 843 1574 sus:

218 1599 229 1644 1
238 1611 320 1656 nunc,
330 1606 356 1642 et
364 1611 449 1643 versus
460 1606 540 1643 tecum
552 1596 670 1644 meditare
679 1613 790 1645 canoros.
862 1593 864 1596 ¹

219 1667 373 1730 Scriptorum
380 1666 472 1714 chorus
480 1669 560 1714 omnis
566 1679 632 1715 amat
638 1684 726 1714 nemus
734 1679 757 1714 et
764 1667 828 1731 fugit
836 1668 923 1728 urbes,

220 1737 277 1784 Rite
288 1737 362 1784 cliens
371 1737 461 1784 Bacchi
469 1753 556 1784 somno
567 1738 696 1801 gaudentis
706 1749 730 1785 et
739 1737 838 1786 umbra:

220 1809 260 1854 Tu
270 1825 310 1854 me
318 1809 383 1856 inter
392 1809 509 1871 strepitus
519 1818 656 1856 nocturnos
666 1820 740 1872 atque
750 1808 852 1855 diurnos

220 1879 265 1924 Vis
275 1893 374 1936 canere,
384 1887 408 1924 et
417 1889 541 1925 contracta
550 1879 621 1941 sequi
629 1879 731 1942 vestigia
740 1880 842 1925 vatum?

221 1949 365 2011 Ingenium,
376 1948 422 1994 sibi
432 1949 500 2010 quod
508 1963 597 2004 vacuas
606 1947 744 2012 desumpsit
753 1948 876 2008 Athenas,

219 2019 251 2064 Et
260 2018 349 2064 studiis
358 2033 436 2066 annos
446 2029 539 2081 septem
549 2017 631 2077 dedit,
639 2019 798 2082 insenuitque
871 2029 875 2034 ·

221 2086 301 2136 Libris
311 2098 336 2134 et
344 2089 422 2146 curis,
434 2087 513 2134 statui
524 2087 670 2136 taciturnius
681 2090 732 2136 exit

221 2154 383 2220 Plerumque,
393 2167 418 2203 et
427 2159 478 2204 risu
487 2159 611 2222 populum
620 2160 712 2224 quatit:
724 2161 765 2207 hic
774 2176 832 2226 ego,
841 2177 923 2210 rerum
940 2217 942 2220 .

221 2227 350 2275 Fluctibus
359 2229 386 2274 in
395 2228 481 2275 mediis
490 2239 515 2276 et
525 2231 712 2294 tempestatibus
721 2231 803 2290 urbis,

222 2297 304 2346 Verba
312 2297 371 2361 lyrae
380 2309 477 2346 motura
487 2315 577 2347 sonum
587 2313 733 2350 connectere
742 2301 843 2365 digner?
909 2297 911 2304 ’

222 2373 306 2416 Frater
315 2380 367 2418 erat
376 2371 462 2416 Romae
471 2371 579 2418 consulti
589 2372 687 2431 rhetor,
699 2385 728 2420 ut
737 2372 797 2419 alter

223 2441 333 2488 Alterius
343 2455 455 2488 sermone
465 2457 545 2488 meros
554 2442 651 2489 audiret
661 2443 782 2500 honorem

224 2511 350 2559 Gracchus
360 2521 389 2558 nt
397 2511 438 2558 hic
448 2511 482 2557 illi
492 2510 568 2570 foret,
580 2512 639 2558 huic
649 2524 679 2558 ut
687 2514 786 2560 Mucius
795 2512 843 2560 illc.

225 2580 277 2640 Qui
286 2579 369 2628 minius
379 2593 479 2644 argutos
488 2593 560 2628 vexat
570 2581 640 2628 luror
648 2583 693 2628 iste
703 2583 804 2646 politas?
828 2587 832 2596 ’

226 2651 339 2698 Carmina
347 2665 486 2713 compono,
495 2651 536 2698 hic
545 2652 636 2716 elegos:
647 2652 759 2700 mirabile
768 2653 842 2711 visu,

226 2719 393 2780 Caelatumqnc
402 2734 493 2767 novem
504 2723 586 2768 Musis
593 2736 664 2785 opus.
679 2723 769 2785 Aspice
778 2721 888 2785 primitur

227 2789 329 2848 Quanto
340 2803 397 2833 cum
407 2787 486 2849 laetu,
497 2803 592 2855 quanto
602 2793 728 2839 molimine
737 2793 841 2839 circum-

226 2868 365 2921 spectemus
374 2873 476 2906 vacusm
486 2862 605 2909 Romanis
614 2862 713 2910 vatibus
722 2862 806 2910 aedem
