2180 3518
149 333 153 340 '
221 333 268 380 rto
378 327 768 390 anonlrurtlcm
890 402 893 406 ,

218 417 322 480 Virgilio
331 427 472 464 annuerunt
481 417 614 478 gaudentes
623 430 681 463 rure
691 418 819 464 Cemoeute.

218 490 273 535 lloe
281 497 344 544 erat,
353 497 455 547 experto
465 485 555 532 frustati
565 488 677 533 Varrone
686 488 791 534 Atacino

217 559 301 618 Atque
308 555 456 618 quibusdam
462 556 528 614 aliis,
538 554 626 601 melitis
633 555 703 617 quod
709 556 814 602 scrihere
820 571 929 618 possem,

218 629 351 673 Inventore
360 625 453 672 minor:
464 641 545 686 neque
553 641 600 687 ego
609 625 646 671 illi
654 624 780 672 detrahere
789 627 869 673 susim

218 698 355 743 Haerentem
366 694 441 758 capiti
450 694 527 740 multi
537 709 593 740 cum
604 694 675 740 laude
684 709 809 743 eoronam.

218 767 253 813 At
262 764 314 810 dixi
323 762 399 810 fluere
408 763 652 822 timenutensium,
661 763 724 826 saepe
733 764 853 812 serentem
908 817 910 822 ,

219 835 291 882 Plura
301 833 402 895 quidem
412 833 520 884 tollenda
530 831 711 896 relinquendis:
721 849 776 896 age,
786 848 883 896 quaeso,

218 907 259 952 Tu
268 902 331 950 nihil
340 904 367 951 in
375 916 465 965 magno
475 902 563 949 doctus
573 902 700 965 reprendis
709 905 835 952 Homero?

218 975 261 1024 Nil
269 973 347 1020 cornis
356 973 440 1034 tragici
450 981 530 1038 mutat
538 972 647 1020 Lucilius
658 972 733 1019 Acci?

219 1046 278 1094 Non
287 1041 351 1089 ridet
359 1057 444 1091 versus
452 1041 516 1088 Enni
524 1042 642 1104 gravitate
652 1043 772 1100 minores,

220 1116 307 1175 Quum
317 1112 347 1158 de
356 1127 381 1158 se
390 1111 513 1174 loquitur,
523 1127 575 1160 nou
584 1123 613 1160 ut
623 1109 715 1172 majore
725 1111 861 1174 reprensis?

220 1182 290 1243 Quid
300 1193 365 1228 vetat
374 1192 398 1228 et
407 1191 516 1239 nosmet,
527 1181 607 1228 Lucili
615 1183 705 1243 scripta
714 1181 836 1243 legentes,

219 1254 337 1312 Quaerere
346 1266 407 1303 num
416 1250 495 1308 iilius,
505 1265 567 1297 num
576 1267 673 1310 rernm,
684 1250 746 1298 dura
754 1249 850 1314 negirit
876 1307 879 1312 Ι

219 1320 361 1368 Versiculos
370 1331 458 1366 natura
468 1321 543 1381 magis
552 1319 643 1382 factos,
652 1331 677 1367 et
686 1331 772 1367 euntes

218 1388 333 1446 Mollibs,
342 1403 369 1434 ac
378 1389 399 1434 si
408 1389 463 1450 quis
472 1389 578 1450 pedibus
586 1389 648 1452 qnid
657 1389 769 1438 claudere
778 1390 857 1450 senis,

219 1462 273 1507 lloc
284 1455 393 1516 tantiam,
403 1467 548 1517 contentus,
558 1470 623 1506 amet
632 1460 754 1523 scripsisse
764 1457 884 1508 ducentos

220 1530 286 1576 Ante
294 1527 379 1582 cibum
388 1542 485 1585 versus,
496 1528 600 1574 totidem
610 1539 732 1585 coenatus3
741 1529 857 1576 Hetrusci

221 1597 301 1658 Quale
310 1596 359 1642 fuit
368 1594 434 1644 Cassi
443 1595 530 1658 rapido
540 1597 675 1646 ferventius
685 1599 753 1644 amni

219 1668 362 1730 Ingenium,
371 1666 449 1729 capsis
460 1681 534 1728 quem
544 1666 607 1713 lama
617 1679 712 1714 estesse
721 1667 840 1730 librisque

220 1737 373 1786 Ambustum
383 1736 504 1799 propriis?
516 1737 600 1783 Fuerit
609 1737 730 1796 Lucilius,
738 1737 854 1800 inquam,

222 1808 307 1857 Cumis
316 1817 340 1853 et
350 1805 473 1863 urbanus;
484 1805 559 1852 luerit
568 1805 675 1858 limatior
683 1805 762 1864 idem,

223 1876 306 1937 Quim
316 1875 386 1922 rudis
394 1887 418 1922 et
428 1875 518 1922 Grescis
525 1875 613 1922 intacti
622 1876 736 1924 carruiuis
745 1887 844 1934 auctor,

223 1946 355 2008 Qulmque
364 1948 494 2008 poetarum
504 1945 629 1992 seniorum
639 1945 722 1992 turba:
732 1945 775 1992 sed
784 1945 838 2004 ille,

223 2018 250 2064 Si
259 2016 322 2062 foret
331 2015 380 2060 hoc
389 2025 503 2062 nostrum
513 2013 564 2062 fato
574 2013 663 2062 dilatus
672 2015 697 2062 in
707 2030 801 2072 aevum,

223 2087 349 2131 Detereret
358 2082 405 2130 sibi
414 2083 504 2140 multa;
514 2083 633 2134 recideret
639 2100 716 2132 omne
725 2083 794 2146 quod
803 2085 869 2132 ultre

222 2153 361 2201 Perfectum
370 2152 521 2210 tunberctum
531 2163 555 2200 et
564 2154 591 2201 in
600 2170 673 2202 versu
682 2153 794 2202 iaciendo

223 2221 291 2285 saepe
300 2231 374 2283 caput
383 2220 503 2280 scaberet,
515 2223 585 2270 vivos
594 2234 619 2270 et
628 2223 726 2272 roderet
734 2235 837 2286 ungues.

214 2291 291 2354 θυμὲ
301 2290 393 2353 stylum
403 2291 497 2350 vertas,
503 2292 608 2351 iterum,
618 2309 673 2355 quae
682 2293 755 2357 digna
763 2294 812 2356 legi
820 2294 884 2353 sint,

222 2362 377 2425 Scripturns,
386 2376 482 2423 neque,
492 2373 515 2408 te
524 2373 553 2408 ut
563 2362 667 2409 miretur
677 2362 763 2421 turbs,
772 2363 881 2422 labores,

223 2435 361 2482 Contentus
371 2431 456 2494 paucis
463 2430 605 2478 lectoribus.
620 2433 662 2478 An
671 2442 713 2478 tua
723 2432 823 2480 demens

221 2501 319 2553 Vilibus
328 2500 429 2548 inludis
439 2500 525 2547 dictari
535 2502 642 2548 earmina
652 2503 736 2550 melis?

221 2574 280 2620 Non
288 2587 345 2633 ego:
353 2586 411 2618 nam
419 2571 477 2618 satis
484 2581 520 2618 est
527 2570 642 2634 Equitem
652 2571 713 2618 mihi
721 2570 850 2634 plaudere,
857 2582 936 2638 utau-

308 2641 368 2698 dax,

221 2709 376 2769 Contemptis
385 2709 451 2766 aliis,
460 2699 561 2772 explosa
570 2709 710 2759 Arbuscula
720 2710 791 2756 dixit.

221 2777 288 2824 Men'
296 2787 394 2824 moveat
402 2778 482 2824 cimex
490 2779 625 2826 Pantilius?
636 2791 679 2826 aut
689 2780 796 2837 crucier,
806 2777 876 2840 qnod

221 2847 324 2894 Vellicet
332 2843 457 2893 absentem
465 2849 619 2910 Demetrius,
628 2860 685 2909 aut,
693 2849 762 2914 quud
771 2849 872 2914 ineptus
