2176 3540
204 317 256 378 sss
360 313 395 378 o.
413 307 592 364 uorsru
608 307 760 379 sulcet

204 409 290 458 Geterr
299 406 345 473 qui
352 405 411 458 rin
420 412 529 452 servmet
538 401 625 452 munic
634 409 702 458 recto

202 479 288 538 Μοτος
296 477 379 528 boum
387 475 445 524 seue
454 470 686 536 vicinummbilis
694 469 800 534 hospes,

203 547 287 599 Comis
296 548 324 598 in
332 562 438 596 uxorem
444 561 452 606 ;
458 555 546 612 portet
555 544 601 610 qui
609 543 737 608 ignoscere
746 536 838 597 servis,
910 563 912 568 ·

203 621 234 668 Et
242 619 314 684 cigno
323 617 381 666 luso
389 633 443 666 uon
451 615 559 668 insanire
569 613 674 678 logeutc3

202 691 288 738 Posset
297 688 341 753 qui
349 703 440 754 rupem
449 697 475 736 et
483 697 590 752 puteum
599 683 678 734 riters
685 689 821 748 putentem.

202 760 250 808 llio
259 759 317 820 ubi,
326 769 491 823 cognatorum
500 756 591 822 opibus
600 754 717 818 curisque
726 749 845 814 refector,

203 829 306 895 Expulit
315 829 425 878 elleboro
435 827 554 878 morbum
562 825 690 888 bilemque
700 835 810 880 meraco,

204 902 235 950 llt
243 901 309 949 redit
317 899 349 948 ud
358 915 421 948 cere:
431 898 491 960 Pol,
501 914 540 946 me
549 894 688 954 occidistis,
696 891 782 951 enrici,

204 972 265 1021 Non
273 972 402 1031 mustis,
409 970 457 1032 eit,
467 969 509 1018 cui
518 968 554 1018 sic
562 977 659 1017 extorta
668 963 799 1028 voluptas,

204 1043 235 1092 llt
244 1042 362 1108 demptus
370 1057 416 1106 per
424 1040 476 1090 vim
485 1039 576 1088 mentis
585 1036 741 1102 gratimimus
752 1045 829 1080 error.

204 1114 333 1163 Nimirum
341 1127 426 1178 supere
435 1120 472 1160 est
480 1109 582 1172 objectis
590 1107 652 1158 utile
660 1105 748 1170 nugis,

205 1184 236 1232 Et
246 1184 424 1250 tempestivum
433 1181 518 1247 pueris
527 1177 663 1228 concedere
671 1174 777 1233 ludum

204 1256 242 1304 Ac
251 1271 305 1305 uon
313 1253 389 1306 verbo
397 1252 469 1318 ecqui
477 1249 570 1300 fiffibur
580 1244 732 1298 modulanda
740 1239 846 1302 Latinis,

206 1324 255 1373 Sed
264 1341 327 1373 veru
335 1338 506 1388 numerosque
518 1320 657 1384 modosque
667 1316 774 1366 ediscere
781 1311 846 1360 citer.

206 1394 330 1455 Quocirca
339 1409 439 1441 mecum
447 1392 539 1456 loquor
545 1393 598 1442 haec
605 1424 613 1450 ‚
621 1389 761 1450 modusque
769 1378 893 1434 recordor:

207 1466 233 1512 Si
243 1463 290 1512 tibi
298 1463 366 1511 nulla
376 1463 444 1510 sitim
452 1460 537 1510 finiret
545 1460 619 1528 copie
627 1457 750 1524 lymphae,

206 1533 322 1584 Numeres
333 1531 447 1580 medicis:
458 1530 529 1596 quod
538 1530 635 1596 quanto
643 1529 717 1592 plura
724 1521 831 1592 parieti,

207 1606 288 1654 Tanto
296 1603 369 1670 pluro
381 1603 465 1668 cupis,
472 1601 568 1654 nulline
579 1600 679 1650 leterier
687 1596 780 1646 eudes?

207 1677 234 1726 Si
242 1675 335 1725 vulnus
346 1673 391 1724 tihi
400 1671 536 1722 monstrati
547 1671 628 1720 radice
637 1669 678 1718 vel
685 1665 763 1720 berbi

206 1747 268 1797 Non
275 1743 347 1796 lieret
355 1745 451 1806 levius,
459 1743 572 1812 fugeres,
579 1740 661 1791 radice
669 1739 711 1788 vel
719 1733 796 1788 hethi

161 1815 164 1822 ’
207 1809 769 1878 Proficientenihil,cnraricr?Audicres,cui

206 1891 271 1937 lictu
279 1887 313 1937 Di
322 1887 443 1936 donarent
450 1919 458 1948 ,
464 1887 502 1934 illi
511 1884 628 1934 decedere
636 1897 740 1949 pravam

208 1959 345 2009 stultitiam
354 1976 360 2019 ;
369 1969 406 2020 ct,
416 1974 497 2024 quum
506 1957 538 2006 sis
547 1955 628 2006 nihilo,
639 1950 775 2018 sapientior
783 1961 814 1995 cx
823 1959 873 2010 quo

204 2029 306 2079 Plenior
315 2045 354 2090 ee,
364 2040 448 2078 temen
457 2025 534 2078 ut‘eris
543 2023 713 2076 monitoribus
721 2017 817 2069 isdem?

207 2101 242 2146 At
252 2100 273 2160 si
282 2099 375 2146 divitiae
383 2097 535 2162 prudentem
544 2095 646 2146 reddere
655 2101 771 2160 possent,

135 2213 137 2216 .
206 2170 233 2220 si
241 2167 362 2234 cupidum
371 2167 539 2230 timidumque
548 2162 633 2216 minirs
643 2175 681 2223 tc;
691 2175 781 2226 nempe
789 2156 903 2216 ruberet,

206 2241 310 2290 Viveret
318 2238 345 2284 in
355 2237 426 2285 terris
436 2247 461 2284 te
470 2237 491 2284 si
501 2237 558 2303 quis
566 2237 663 2288 avarior
674 2248 735 2282 uuo.
843 2235 850 2248 '

206 2313 233 2365 Si
241 2309 374 2377 proprium
384 2319 420 2356 est
429 2308 500 2372 qnod
509 2308 565 2372 quis
573 2304 637 2356 libel
647 2313 770 2354 mercatur
779 2309 805 2349 et
812 2313 858 2348 cere
867 2305 914 2356 est,

208 2381 343 2448 Quaedam,
352 2380 373 2428 si
381 2379 461 2431 credis
470 2378 605 2438 consultis,
614 2373 739 2438 mancipet
749 2386 820 2429 usns;

207 2455 261 2520 Qui
269 2464 294 2503 te
302 2453 380 2518 poscit
389 2467 458 2516 ager,
467 2459 526 2498 tuns
536 2459 585 2508 est;
595 2457 621 2494 et
630 2442 728 2494 villicus
737 2441 813 2500 Orbi,

208 2528 296 2589 Quum
306 2534 399 2590 segetes
409 2531 491 2580 occat,
500 2519 548 2570 tibi
557 2535 618 2568 mox
626 2517 753 2565 frumenta
763 2511 875 2570 daturas,

207 2600 242 2646 Tc
253 2593 384 2642 dominum
395 2593 478 2640 sentit.
487 2593 537 2641 Dus
546 2604 665 2640 nummos
672 2603 679 2646 3
687 2585 777 2649 accipis
787 2597 877 2641 uvam,
963 2623 966 2636 ,

207 2666 307 2724 Pullos,
316 2679 376 2722 ove,
384 2661 475 2710 cadum
485 2662 583 2710 temeti:
593 2674 684 2722 nempe
694 2655 770 2704 modo
779 2653 828 2702 isto

197 2735 328 2802 ¹Paulatim
338 2733 452 2780 mercoris
462 2748 549 2796 agrum
556 2763 565 2790 ‚
573 2731 676 2780 fortasse
687 2723 815 2782 trecentis,

203 2805 261 2857 'Aut
270 2805 345 2853 etiem
354 2803 443 2866 cupri,
453 2818 618 2851 nummorum
628 2798 739 2848 millibus
748 2804 870 2858 emptum.

208 2876 278 2942 Quid
286 2874 376 2936 refert,
385 2873 454 2922 vivas
463 2883 594 2924 numerato
603 2886 698 2937 nuper,
706 2885 739 2920 en
747 2865 823 2920 olim?
