2176 3540
177 331 226 380 20⁸
338 327 370 390 o.
389 299 740 378 nosir11rnicc1

177 420 231 466 lloe
240 415 311 480 juvat
320 428 345 466 et
355 417 424 464 melli
433 426 483 477 est,
493 431 548 464 non
556 417 672 464 mentiar.
686 416 735 479 At,
744 416 820 466 simul
829 427 896 466 atras

176 491 288 537 Ventum
298 500 334 536 est
344 488 480 552 Esquilias,
490 487 568 534 eliens
575 487 676 550 negotia
686 498 790 535 centum

176 561 223 608 Per
233 570 308 623 eaput
318 570 342 606 et
351 558 414 606 circa
426 559 519 606 saliunt
529 557 603 606 latus.
617 558 686 605 Ante
697 558 832 606 secundam

177 629 283 678 Roscius
294 629 380 677 orabat
390 627 440 676 sibi
448 629 545 676 adesses
555 628 586 676 ad
595 627 683 676 Puteal
692 644 753 677 cres.

177 701 215 748 De
224 717 251 748 re
260 699 390 749 communi
400 699 486 748 scribae
496 699 583 763 magni
593 709 669 762 etque
678 698 744 747 novi
754 709 780 748 te

177 770 290 820 Orabsnt
298 771 374 820 hodie
384 771 550 829 meminisses,
561 770 671 831 Quinte,
681 771 782 819 reverti:

177 843 307 906 Imprimat
317 843 357 890 bis
366 859 425 890 curs
437 843 557 890 Maeceuas
568 842 637 904 signs
646 837 750 888 tabellis.

177 914 291 974 Dixeris,
300 915 420 978 Experiar
430 931 436 960 :
450 913 476 961 Si
485 913 538 971 vis,
546 921 632 975 potes,
641 910 709 958 addit
721 921 745 959 et
753 911 838 960 instat.

178 984 307 1049 Septimus
317 995 407 1033 octavo
416 983 522 1048 propior
529 982 577 1045 jam
588 981 681 1046 fugerit
690 997 784 1042 sunus,

179 1056 216 1102 Ex
225 1072 279 1120 quo
289 1057 409 1104 Maecenas
421 1071 459 1102 me
469 1055 545 1119 coepit
554 1051 645 1101 habere
656 1069 761 1101 suorum

178 1129 208 1174 Iu
218 1142 338 1186 numero,
347 1126 469 1174 duntaxat
478 1124 579 1184 adhoc,
587 1139 665 1187 quern
675 1123 761 1171 tollere
773 1121 851 1171 rbedsl

177 1198 274 1259 Vellet,
283 1199 332 1245 iter
341 1197 446 1258 faciens,
454 1208 480 1245 et
489 1197 529 1246 cui
540 1195 688 1243 concredere
698 1209 779 1257 nugas

178 1268 234 1316 Hoc
239 1284 326 1333 genus:
331 1270 399 1316 llora
405 1278 482 1332 quota
488 1267 531 1314 est!
538 1266 623 1313 Thrax
628 1276 665 1314 est
671 1265 836 1330 Gallinasyro
841 1265 905 1328 par?

179 1340 304 1386 Matutine
313 1355 401 1402 parum
412 1349 498 1386 cautos
506 1337 557 1400 jam
566 1336 658 1400 frigora
668 1336 796 1384 mordent:

178 1409 209 1456 Et
218 1425 275 1473 qnae
284 1408 374 1456 rimosi
385 1408 448 1456 bene
458 1408 621 1472 deponuntur
629 1408 658 1454 in
666 1423 733 1454 aure.

178 1481 225 1527 Per
237 1489 321 1528 totum
329 1479 378 1526 boc
388 1489 487 1542 tempus
497 1478 633 1540 subjectior
644 1480 672 1526 in
684 1478 749 1526 diem
760 1477 885 1526 ethoram

179 1548 290 1598 Invidiae.
305 1549 397 1598 Noster
406 1549 481 1598 ludos
491 1559 644 1614 spectarent
654 1549 717 1609 umi3

179 1623 282 1669 Luserat
292 1621 320 1668 in
328 1636 417 1684 cumpo
426 1638 433 1680 ;
442 1624 560 1669 Fortnnae
570 1618 638 1668 filius
646 1638 653 1679 ;
662 1636 758 1668 omnes.

180 1693 295 1756 Frigidus
306 1709 320 1739 a
328 1693 428 1740 Rostris
437 1703 520 1740 manat
530 1708 575 1755 per
584 1691 695 1755 compits
703 1707 803 1740 rumor:

181 1764 343 1828 Quicumque
349 1764 439 1812 obvius
446 1773 484 1812 est
488 1779 528 1811 me
533 1763 643 1809 consulit
650 1779 655 1808 ε
663 1764 726 1810 --0
732 1762 874 1820 bone,nam
880 1771 906 1809 te

182 1836 263 1896 Scire,
272 1837 339 1882 Deos
350 1834 468 1898 quonism
479 1833 584 1897 propius
593 1833 731 1896 contingis,
739 1833 854 1896 oportet:

180 1906 321 1969 Numquid
331 1905 361 1952 de
368 1907 441 1953 Ducis
451 1903 649 1952 audierit-Nil
658 1903 782 1966 equidem.
789 1903 867 1950 -Ut
875 1914 905 1950 tu

180 1978 285 2039 Semper
295 1977 344 2024 eris
354 1976 461 2024 derisor!
472 2003 508 2012 --
517 1976 552 2023 At
561 1991 649 2022 omnes
657 1973 691 2021 Di
700 1975 824 2038 exagitent
833 1990 887 2033 me,

181 2047 207 2093 Si
217 2047 363 2109 quidquam.
373 2074 409 2083 -
416 2045 504 2107 Quid?
514 2045 635 2093 militibus
642 2046 762 2108 promissa
772 2045 906 2110 triquetra

179 2116 275 2164 Praedia
285 2118 377 2175 Cesar,
386 2131 418 2162 au
427 2127 464 2172 est
473 2115 533 2164 Itali
544 2116 631 2164 tellure
641 2115 766 2164 daturus?

181 2189 314 2234 durantem
324 2202 363 2232 me
374 2187 436 2233 scire
446 2187 509 2234 nihil
518 2187 651 2248 mirantur,
661 2188 781 2238 titurium

181 2257 280 2307 Scilicet
290 2257 382 2321 egregii
391 2258 521 2305 mortalem
531 2259 626 2322 altique
633 2257 724 2320 silenti.

181 2327 299 2377 Perditur
308 2328 360 2375 baec
370 2328 536 2376 intermisero
546 2328 606 2388 lux,
614 2345 670 2376 uon
678 2330 731 2376 sine
741 2329 820 2377 votis:

182 2403 205 2450 Ο
215 2417 272 2460 rus,
282 2399 384 2464 qnando
394 2415 440 2462 ego
451 2411 475 2448 te
484 2400 616 2464 aspiciam?
626 2399 779 2463 quandoque
788 2399 888 2461 licebit,

181 2473 257 2523 Nunc
267 2482 379 2519 veterum
389 2470 471 2533 libris,
480 2487 549 2520 nunc
558 2486 648 2518 somno
656 2481 681 2517 et
687 2470 813 2518 inertibus
820 2469 908 2533 horis,

181 2545 282 2592 Ducere
291 2543 403 2590 sollicitis
412 2542 522 2605 jucunda
532 2541 624 2590 oblivia
632 2541 707 2590 vitae?

183 2615 205 2660 0
217 2613 318 2676 quando
328 2613 396 2675 faba,
406 2614 552 2678 Pythagorae
561 2622 677 2676 cognata,
689 2612 813 2676 simulque

182 2684 264 2730 Uncta
274 2685 332 2729 satis
341 2685 430 2748 pingui
440 2695 568 2748 ponentur
578 2683 691 2730 oluscula
703 2683 793 2730 lardo?

183 2755 206 2800 0
217 2762 304 2799 noctes
313 2751 438 2817 coensique
447 2751 543 2814 Derim,
554 2753 647 2817 quibus
656 2754 709 2817 ipse
720 2753 819 2818 meique

183 2821 250 2870 Ante
258 2824 343 2869 Larem
353 2823 487 2886 pr'opn'um
496 2841 591 2886 vescor,
601 2840 740 2887 vernasque
752 2839 869 2888 proeaees

182 2893 259 2941 Pasce
268 2891 350 2941 libatis
360 2893 477 2960 dapibus!
487 2898 569 2946 Prout
577 2896 668 2959 cuique
676 2895 758 2944 libido
765 2906 819 2956 est,
