2176 3540
339 323 589 380 SATIRARUM
606 335 681 386 LIB.
699 339 737 388 11:
849 347 900 394 ari

177 412 241 476 Quat
249 414 333 480 prima
340 415 434 466 iratum
443 418 556 472 ventrem
564 423 699 486 placaverit
707 443 768 478 esca.

433 505 640 544 nuenarius

174 555 303 619 Inprimis
312 557 429 607 Lucanus
438 560 509 625 aper:
519 563 571 612 leni
578 563 628 613 luit
637 567 732 618 Austro

175 625 285 691 Captus,
295 638 325 676 ut
333 629 412 678 aiebat
420 646 496 680 coenac
505 644 582 697 pater.
596 636 670 686 Acria
678 639 774 690 circitm

174 697 287 761 Rapula,
296 699 410 761 iactucee',
420 701 526 771 radicesj,
538 706 620 768 qualis
628 708 720 758 lassum

172 767 320 817 Perrellunt
328 773 498 832 stomachumr
508 775 580 836 siser,
589 777 672 840 baleo,
681 780 767 832 fercula
777 786 835 836 Coa.

174 837 220 885 liis
229 837 275 886 ubi
284 840 389 890 sublatis
396 859 461 907 puer
469 845 518 894 alti
527 847 625 896 cinctm
635 865 751 900 acernam

174 908 289 974 Gausape
297 928 428 978 purpureo
438 931 548 964 mensam
557 922 686 983 pertersit,
696 933 721 970 et
730 923 790 972 alter

172 981 288 1046 sablegit
297 984 476 1050 quodcumque
486 986 577 1050 jaceret
584 990 688 1052 inutile,
696 995 816 1060 quodque

172 1055 261 1102 Posset
269 1066 394 1104 coenantes
403 1057 544 1118 offendere3
554 1071 583 1108 ut
592 1060 676 1110 Attica
684 1065 756 1128 virgo

173 1124 241 1174 Cum
250 1125 324 1172 sacris
334 1127 441 1188 Cereris,
451 1129 566 1193 procedit
575 1131 661 1180 fuscus
669 1134 810 1200 Hydaspes,

172 1193 279 1242 Cecuba
288 1196 347 1244 vina
355 1196 449 1258 fercns3
459 1200 555 1263 Alcon,
565 1201 658 1250 Chium
669 1206 743 1254 maris
752 1220 847 1272 expers.

171 1263 220 1313 Hic
229 1265 320 1315 herus:
332 1267 472 1332 Albanum,
481 1273 616 1333 Maecenas,
626 1274 678 1322 sire
686 1276 819 1326 Falernum

171 1337 209 1385 Te
218 1337 297 1402 magis
307 1340 427 1404 appositis
438 1339 556 1404 delectat,
565 1342 686 1394 habemus
695 1358 840 1416 utrumque.

442 1423 620 1464 rosarius

172 1477 279 1525 Divitias
288 1479 400 1528 miseras!
413 1482 462 1530 Sed
471 1485 542 1548 queis
551 1487 706 1536 coenantibus
716 1489 780 1552 uni,

170 1548 299 1609 Fundani,
307 1551 413 1615 pulchre
422 1551 499 1603 luerit
509 1555 568 1616 tibi,
577 1555 650 1606 ubsse
658 1559 756 1610 laboro.

203 1673 209 1684 ¹
426 1639 637 1676 nuenarius.

169 1689 290 1738 Summus
299 1706 358 1756 ⁰3⁰3
367 1702 392 1740 et
401 1709 480 1759 prope
486 1712 526 1744 me
532 1698 622 1745 Viscus
629 1698 773 1761 Thurinum
782 1701 890 1764 criniri,

169 1760 197 1808 Si
206 1761 322 1822 memini,
331 1763 433 1812 Varius:
443 1781 501 1813 cum
510 1767 615 1815 Servilio
624 1769 757 1818 Balatrone

168 1829 299 1892 Vibidius,
308 1849 373 1896 quos
383 1835 503 1885 Maecenas
513 1837 649 1886 adduxerat
658 1839 767 1887 umbras.

169 1901 344 1951 Nomentanus
353 1915 406 1953 erat
414 1923 490 1972 super
498 1908 597 1972 ipsum,
605 1909 710 1956 Porcius
719 1909 796 1972 iniri,

168 1973 302 2022 Ridiculus
310 1986 375 2023 totae
384 1977 459 2025 simul
469 1977 603 2026 obsorbere
613 1979 744 2043 placentes.

160 2043 344 2103 ,Nomentanus
353 2045 383 2095 ad
392 2047 454 2109 hoc,
464 2049 522 2113 qui,
531 2049 552 2096 si
561 2050 623 2114 quid
633 2051 698 2100 torte
707 2051 807 2115 lateret,

168 2114 254 2163 Iudice
262 2125 412 2167 monstraret
422 2118 514 2185 digito:
524 2136 581 2168 nam
590 2132 669 2171 cetera
679 2113 765 2186 turba,

167 2185 236 2246 Nos,
243 2187 360 2251 inquam,
369 2205 494 2240 commus
503 2207 574 2254 aves,
583 2194 726 2260 conchylia,
735 2197 827 2261 pisces,

167 2258 253 2322 Longi
262 2258 405 2308 dissimilem
415 2273 478 2310 noto
488 2263 589 2312 celantia
598 2279 714 2324 succum3

167 2327 203 2377 Ut
212 2329 253 2376 vel
264 2330 387 2381 contiund
395 2333 490 2396 patuit,
500 2351 580 2398 quum
588 2338 692 2400 passeris
701 2346 776 2402 atque

167 2399 294 2464 ingustata
303 2401 366 2450 mibi
374 2416 518 2468 porrexerat
526 2407 569 2454 iiia
578 2407 688 2455 rhombi.

166 2472 227 2519 Post
234 2471 285 2520 boc
294 2489 334 2524 nte
344 2473 430 2523 docuit
439 2475 561 2528 melimela
570 2475 659 2524 rubere
669 2476 792 2524 minorem

167 2539 208 2589 Ad
217 2541 301 2591 lunam
311 2543 412 2594 delecta.
426 2545 496 2608 Quid
506 2547 556 2596 boc
565 2545 676 2605 intersit,
684 2543 715 2593 ab
724 2545 781 2610 ipso

166 2611 283 2663 Audieris
294 2613 392 2664 melius.
404 2619 472 2666 Tum
480 2617 598 2665 Vibidius
606 2616 745 2664 Balatroni:

165 2683 231 2744 Nos,
240 2684 287 2733 nisi
296 2685 414 2736 damnosi
423 2687 546 2750 bibimus,
556 2689 693 2740 moriemur
701 2687 785 2738 inulti.

165 2755 196 2802 lit
204 2756 291 2804 calices
299 2757 381 2820 poscit
390 2757 502 2822 majores.
512 2763 617 2808 Vertere
625 2759 706 2825 pallor

164 2826 231 2873 Tum
240 2828 343 2892 parochi
352 2828 452 2890 faciem,
460 2830 496 2878 nil
505 2832 540 2878 sic
550 2835 682 2880 metuentis
692 2841 798 2881 stactes

163 2896 280 2960 Potcres;
290 2899 330 2948 vel
339 2900 410 2965 quod
419 2900 569 2952 maledicunt
578 2901 694 2964 liberiirs,
704 2903 744 2950 vel
