2176 3540
305 338 602 386 EPISTOLARUM
622 341 696 387 LIB.
717 342 736 387 1.
828 339 878 386 225

163 424 215 470 Hoc
225 440 305 487 opus,
315 425 365 472 hoc
374 425 485 472 studium
496 427 565 488 parvi
573 443 736 490 properemus
745 438 770 475 et
778 427 866 491 ampli,

163 495 187 542 si
196 495 283 556 patriae
293 495 424 554 volumus,
434 496 453 541 si
463 495 548 554 nobis,
557 497 703 544 viverecari.

163 564 243 610 Debes
252 565 302 612 hoc
312 565 386 611 etiam
397 565 540 623 rescribere,
548 567 569 612 si
578 565 622 612 tibi
632 583 710 626 curse,

164 635 269 692 Quantae
278 635 423 694 conveniat,
433 636 574 682 Munatius:
584 651 615 682 an
625 637 686 683 maie
696 648 759 685 sarta

164 705 247 750 Gratia
256 704 427 767 nequidquam
436 705 487 750 coit
496 716 521 750 et
531 706 692 753 rescinditur?
702 719 726 754 at
735 723 781 754 vos

165 774 216 818 Seu
224 773 318 820 calidus
328 775 440 836 sangnis,
448 787 492 820 seu
503 789 585 821 rernm
595 774 690 822 inscitia
699 788 772 823 vexat

165 841 288 890 Indomiti
299 845 393 890 cervice
403 843 481 902 feros,
490 844 642 906 ubicumque
651 845 764 892 locorum

165 913 269 972 vivitis,
278 913 374 978 indigni
384 913 522 960 fraternum
531 929 646 977 rumpere
655 913 748 973 ioedns,

166 982 276 1029 Pascitur
286 983 313 1030 in
322 995 433 1032 vestrum
443 983 551 1030 reditum
560 985 644 1031 votiva
653 984 765 1046 juvenes.

174 1133 870 1166 mammem-mmmmm

333 1257 613 1324 EPISTOLA
646 1259 717 1325 IV.

289 1403 342 1450 sn
359 1403 521 1452 snnrcrr
539 1403 762 1454 creuerunt.

170 1503 275 1603 Arar,
284 1553 428 1592 neruorum
438 1558 579 1593 sennonem
588 1546 690 1594 candide
699 1545 789 1607 judex,

170 1615 239 1675 Quid
248 1631 316 1662 nnnc
326 1626 351 1662 te
360 1614 440 1663 dicam
450 1615 526 1663 facere
535 1617 562 1664 in
571 1619 671 1682 regione
679 1614 791 1664 Pedani?
845 1625 847 1631 ·

170 1684 280 1733 Scribere
290 1685 358 1747 qnod
369 1685 434 1734 Cassi
444 1687 579 1733 Parmensis
589 1686 708 1750 opuscula
716 1683 813 1732 vincat?

169 1757 211 1802 An
220 1756 323 1802 tacitum
333 1755 404 1802 silvas
413 1757 478 1804 incer
486 1767 582 1820 reptare
591 1752 712 1813 salubres,

83 1855 87 1864 ·
171 1826 303 1873 Curantem
314 1825 437 1890 quidquid
447 1827 550 1890 dignum
560 1827 670 1890 sapiente
678 1824 797 1886 bonoque
806 1822 857 1869 est?

169 1896 229 1942 Non
238 1907 267 1943 tu
277 1911 367 1958 corpus
378 1911 429 1943 eras
438 1899 491 1944 sine
499 1907 607 1959 pectore.
621 1895 653 1942 Di
663 1894 709 1942 tibi
718 1893 838 1952 sormam,

169 1967 202 2013 Di
211 1966 258 2012 tibi
268 1965 365 2012 divitias
374 1966 509 2025 dederunt,
518 1977 646 2029 artemque
655 1964 762 2012 fruendi.

171 2036 240 2096 Quid
248 2046 338 2083 voveat
348 2035 413 2083 dulci
422 2037 548 2084 nutrienir
555 2036 635 2098 majus
645 2036 761 2093 alumno,

172 2107 224 2166 Qui
233 2121 317 2168 sapere
326 2117 351 2152 et
359 2105 405 2152 fari
413 2107 491 2169 possit
501 2121 555 2169 quse
564 2107 666 2164 sentiat,
675 2116 700 2153 et
708 2105 750 2152 eni

171 2175 266 2234 Gratis,
276 2175 352 2234 fama,
361 2176 477 2223 valetudo
486 2178 614 2240 contingat
623 2176 734 2236 abunde,
796 2172 798 2180 ’

156 2270 158 2274 f
171 2246 203 2291 Et
213 2245 324 2292 mundus
331 2247 487 2304 victus‚'non
497 2244 623 2294 deficiente
632 2245 764 2294 crumend?

173 2317 241 2362 Inter
250 2331 320 2378 spem
328 2329 476 2378 curamque,
486 2317 587 2363 timores
596 2319 661 2363 inter
670 2327 695 2362 et
704 2317 763 2374 iras,

156 2402 160 2416 ‚
173 2385 280 2430 Omnem
290 2384 360 2432 crede
370 2385 435 2432 diem
445 2385 490 2432 tibi
500 2385 617 2432 diluxisse
627 2399 783 2447 supremum:

173 2455 246 2500 Grata
255 2455 424 2518 superveniet,
434 2469 489 2518 quse
498 2469 550 2502 non
560 2454 710 2516 sperabitur,
721 2453 790 2498 hore.

173 2523 215 2570 Me
223 2523 342 2588 pinguem
352 2536 377 2572 et
386 2524 494 2572 nitidum
503 2523 567 2570 hene
576 2521 659 2568 curati
669 2520 810 2580 emeriten,

174 2593 261 2656 Quum
269 2594 348 2642 ridere
356 2595 437 2654 voles,
446 2593 548 2662 Epicuri
557 2592 587 2640 de
598 2607 669 2657 grege
678 2605 791 2658 porcum„
