2176 3540
219 323 268 371 aaa
379 312 411 374 Q.
429 311 606 360 uousru
623 282 771 362 ruscci

217 403 371 453 collectosne
378 401 466 449 bibant
477 400 582 459 imbres,
591 412 713 464 puteosne
721 417 842 464 perennes

217 474 288 536 lugia
296 488 379 535 aquae:
388 471 463 534 (nam
473 472 531 517 rina
539 471 604 517 nihil
612 485 696 518 moror
704 471 772 518 illius
781 481 843 518 oraet

218 546 285 592 Rure
294 557 349 588 meo
358 556 461 604 possum
470 541 568 604 quidvis
577 539 685 603 perferre
693 541 807 603 patique;

216 612 257 660 Ad
266 627 331 658 mare
342 627 420 674 quum
429 611 499 670 veui,
508 625 652 674 generosum
666 620 691 656 et
699 611 755 656 leue
764 612 880 672 requiro,

217 681 296 744 Quod
304 696 374 728 curas
384 680 479 743 abigat,
487 680 557 743 quod
565 695 623 726 cum
632 695 676 742 spe
685 674 761 727 divite
771 691 854 726 manet

217 756 247 800 In
256 766 329 798 venas
338 751 501 812 animumque
509 765 605 808 meum,
615 748 684 812 quod
691 749 765 798 verba
775 749 913 809 ministret,

218 821 297 883 Quod
306 836 344 868 me
353 823 457 868 Lucanae
465 819 581 882 juvenem
590 819 748 866 commendet
757 820 839 867 amicae
847 815 871 884 z)

217 893 322 939 Tractus
330 902 386 939 uter
395 891 478 953 plures
487 891 597 952 lepores,
608 899 664 936 uter
673 887 762 936 educet
771 905 856 952 aproa;

219 963 281 1010 Utra
290 962 366 1024 magis
374 961 453 1024 pisces
462 971 486 1006 et
495 959 596 1006 echinos
604 973 704 1022 aequora
711 959 802 1018 celent3

218 1032 322 1095 Pinguis
331 1043 360 1078 ut
368 1030 426 1077 inde
435 1030 538 1078 domum
548 1029 641 1091 possim
650 1029 789 1091 Phaeaxque
798 1029 901 1076 reverti:

220 1101 331 1152 Scribere
342 1113 366 1148 te
375 1100 461 1160 nobis,
471 1099 517 1146 tibi
527 1113 573 1146 nos
582 1098 721 1158 accredere,
729 1115 774 1161 par
782 1110 828 1152 est,

220 1173 339 1232 Maeuius,
348 1181 389 1230 ut,
398 1169 472 1216 rebus
481 1169 596 1215 maternis
605 1178 679 1231 atque
689 1167 797 1232 paternis

220 1243 328 1290 Fortiter
335 1240 483 1304 absumptis,
493 1238 602 1286 urbanus
614 1239 688 1300 coepit
696 1237 793 1297 habeu',

220 1315 309 1371 Scurra
317 1326 406 1373 vagus,
415 1325 468 1358 uon
476 1309 522 1372 qui
530 1318 626 1354 certum
634 1323 742 1372 praesepe
750 1319 858 1367 teneret,

220 1384 364 1445 impransus
373 1380 480 1440 uouqui
488 1378 567 1424 civem
579 1377 733 1440 dignosceret
741 1377 825 1437 hoste,

221 1449 345 1511 Quaelibet
353 1450 380 1495 in
390 1447 503 1510 quemvis
513 1447 646 1510 opprobria
655 1446 747 1511 fingere
757 1463 849 1507 saevus,

220 1519 342 1567 Pernicies
352 1528 377 1564 et
387 1527 517 1579 tempestas
526 1516 720 1580 barathrumque
730 1517 838 1577 macelli,

222 1588 353 1650 Quidquid
362 1587 502 1650 quaesierat,
512 1587 594 1634 ventri
603 1586 710 1634 donabat
719 1604 799 1634 avaro.

220 1659 280 1720 Hic,
289 1658 334 1714 ubi
344 1657 460 1720 nequitiae
470 1656 609 1704 fautoribus
618 1668 644 1704 et
653 1657 746 1704 timidis
755 1657 791 1704 nil

221 1730 275 1777 Aut
283 1727 387 1793 paulum
396 1726 541 1787 abstulerat,
553 1727 647 1789 patinas
656 1727 766 1774 'coenabat
775 1727 866 1785 omasi,

221 1799 285 1848 Vilis
293 1811 319 1846 et
327 1799 433 1862 agninae,
443 1797 523 1844 tribus
532 1797 595 1854 ursis
605 1797 675 1860 quod
683 1799 740 1845 satis
748 1807 822 1854 esset3

223 1871 321 1918 Scilicet
330 1879 359 1916 ut
368 1878 467 1915 ventres
476 1865 555 1914 lamni
566 1867 685 1914 candente
695 1879 817 1931 nepotum

222 1941 321 1988 Diceret
331 1939 452 1996 urendos,
461 1947 584 1984 corrector
592 1937 697 1984 Bestius.
710 1937 778 1985 Idem

223 2008 354 2071 Quidquid
364 2018 415 2054 etet
424 2019 510 2054 nactus
518 2005 606 2069 praedae
616 2006 729 2068 majoris,
739 2008 782 2054 uhi
791 2021 864 2054 omne
886 2011 888 2014 '

222 2081 335 2124 Verterat
343 2079 370 2124 in
379 2077 478 2124 furuum
487 2087 511 2122 et
519 2077 638 2135 cinerem,
650 2077 709 2124 Non
718 2077 817 2124 hercule
827 2079 916 2134 miror,

223 2147 323 2203 Aiebat,
333 2147 406 2207 siqui
416 2146 551 2192 comedunt
559 2145 637 2206 bona,
647 2161 726 2208 quum
736 2149 768 2195 sit
779 2146 854 2195 obeso
929 2195 933 2202 ,

222 2217 266 2266 Nil
275 2215 362 2261 melius
371 2215 459 2274 turdo,
467 2216 503 2262 nil
512 2215 586 2263 vulvis
595 2216 725 2279 pulchrius
734 2216 821 2280 ampli.

223 2285 348 2335 Nimirum
358 2284 398 2331 hic
407 2301 452 2348 ego
462 2301 517 2332 sum
525 2301 532 2342 3
539 2301 596 2332 uam
605 2297 659 2333 tuta
670 2296 695 2333 et
702 2289 804 2350 parvula
813 2286 900 2347 laudo,

225 2357 313 2417 Quum
322 2372 360 2402 res
370 2353 502 2420 deficiunt,
512 2356 568 2402 satis
577 2357 642 2403 inter
650 2356 708 2404 vilia
717 2357 800 2406 tortis:

224 2424 330 2486 Verum,
340 2425 385 2473 ubi
394 2425 456 2489 quid
465 2426 554 2473 melius
562 2427 683 2490 contingit
693 2438 717 2474 et
726 2428 825 2475 unctius
831 2461 839 2488 ,
846 2427 910 2476 idem

224 2500 276 2544 Vos
285 2513 369 2560 sapere
375 2502 402 2544 'et
411 2497 476 2544 solos
485 2496 524 2543 aio
532 2495 595 2543 bene
604 2497 699 2556 vivere,
710 2513 819 2561 quorum

226 2567 384 2630 Conspicitur
393 2566 477 2617 nitidis
487 2565 588 2617 fundata
596 2568 700 2633 pecunia
707 2567 780 2616 villis.
