2180 3518
400 265 565 313 EPODON
584 264 712 313 LIBER.
869 269 915 323 143

233 355 252 400 J
253 353 352 417 uppiter
362 353 404 400 illa
412 354 460 416 piae
469 354 571 401 secrevit
579 355 662 402 littora
672 353 751 418 genti,

204 463 208 470 .
270 426 306 471 Ut
314 425 457 487 inquinavit
466 440 512 471 aere
523 435 621 487 tempus
631 439 747 481 aureum

234 493 312 553 Aere,
321 494 411 554 debinc
421 493 486 544 ferro
497 494 595 541 duravit
603 495 702 554 saecula,
713 510 821 558 quorum
855 523 858 526 -

271 564 320 611 Piis
329 563 436 612 secunda
445 575 500 614 rate
510 580 549 616 me
559 564 631 612 datur
640 564 705 630 fuga.

205 713 908 748 mmmfflmmswv

421 809 530 904 oon
564 837 699 902 xvir.

398 983 453 1030 AD
483 982 718 1032 CANIDIAM.

472 1137 646 1170 nonarius

235 1155 305 1241 Jara
315 1191 364 1254 jam
374 1191 466 1240 efficaci
475 1194 508 1240 do
517 1209 605 1241 manus
615 1193 733 1253 scientim

236 1263 349 1326 Supplex
358 1274 383 1310 et
393 1279 439 1311 oro
449 1279 522 1326 regna
531 1281 575 1327 per
584 1265 749 1328 Proserpinae,

235 1335 283 1380 Per
294 1344 318 1380 et
327 1334 412 1380 Dianae
421 1349 474 1380 non
483 1334 604 1382 movenda
614 1335 729 1394 numina,
737 1374 740 1378 .

235 1405 282 1450 Per
291 1414 366 1467 atque
376 1403 453 1450 libros
463 1405 599 1452 carminum
609 1405 744 1455 valentium

235 1471 324 1520 Refixa
332 1473 522 1521 coelodevocare
532 1475 621 1534 sidera,

235 1543 350 1601 Canidia,
360 1559 432 1606 parce
441 1545 545 1591 vocibus
555 1545 652 1592 tandem
662 1547 747 1605 sacris,

236 1613 371 1676 Citumque
380 1624 447 1660 retro
456 1615 536 1674 solve,
546 1616 626 1674 solve,
637 1616 771 1663 turbinem.

234 1685 318 1730 Movit
327 1694 444 1746 nepotem
454 1685 578 1747 Telephus
587 1686 720 1743 Nereium,

234 1756 266 1800 In
275 1769 350 1816 quem
360 1753 481 1817 superbus
491 1754 615 1802 ordinirat
624 1756 720 1818 agmina

234 1825 381 1886 Mysorum,
390 1835 415 1870 et
423 1825 451 1870 in
459 1841 534 1887 quem
545 1825 592 1872 tela
602 1835 673 1870 acuta
683 1834 794 1870 torserat.

236 1896 337 1941 Unxere
347 1905 435 1940 matres
445 1895 495 1942 Iliae
504 1895 629 1942 addictum
641 1893 697 1940 feris

133 1995 137 2004 ·
235 1963 346 2010 Alitibus
356 1974 429 2027 atque
439 1965 541 2012 canibus
550 1963 701 2012 homicidam
711 1965 855 2025 Hectorem,

235 2036 370 2097 Postquam
380 2035 471 2081 relictis
481 2035 604 2082 moenibus
613 2051 657 2082 rex
665 2035 785 2098 procidit,

235 2105 304 2150 Heu!
315 2105 448 2167 pervicacis
457 2105 488 2150 ad
496 2103 571 2168 pedes
579 2106 692 2162 Achillei.

236 2176 322 2222 Setosa
332 2175 400 2220 duris
410 2191 499 2231 exuere
509 2177 616 2238 pellibus

235 2243 363 2292 Laboriosi
373 2245 475 2309 remiges
485 2247 580 2306 Ulixei,

236 2314 343 2361 volente
354 2313 435 2374 Circe,
445 2317 568 2375 membra;
579 2328 639 2364 tunc
647 2334 732 2376 mens,
743 2329 767 2364 et
777 2333 853 2364 sonus

236 2384 370 2444 Relabsus,
379 2396 453 2448 atque
463 2398 538 2434 notus
547 2388 574 2434 in
583 2389 668 2437 vultus
677 2387 768 2434 honor.

236 2453 300 2508 Dedi
309 2455 366 2501 satis
375 2472 499 2518 superque
508 2473 638 2519 poenarum
648 2455 707 2513 tibi,
754 2479 757 2486 ⁴

236 2524 324 2572 Amata
333 2527 415 2572 nautis
425 2525 535 2575 multirrn
544 2538 568 2574 et
577 2524 742 2572 institoribus.

236 2595 309 2658 Fugit
318 2594 444 2656 juventas,
458 2606 482 2643 et
491 2595 645 2643 verecundus
655 2595 724 2642 color

237 2665 348 2726 Reliquit
358 2682 411 2712 ossa
420 2667 484 2729 pelle
493 2667 580 2713 amicta
589 2664 683 2722 luridai;

238 2735 297 2781 Tuis
306 2733 408 2798 capillus
417 2736 488 2784 albus
498 2748 535 2783 est
545 2735 671 2784 odoribus.
