2176 3540
214 308 264 361 aar
375 304 775 367 Q.ltottl.·r11FL.tcc.1¹

214 391 328 442 Deteriire
335 394 432 457 Libyeis
442 394 491 440 olet
501 404 543 440 aut
552 395 615 441 nitet
623 393 699 440 berba
708 394 815 457 lapillis?

216 466 305 512 Purior
313 465 339 512 in
349 465 409 511 vicie
418 479 479 527 aqua
490 463 570 510 tendit
579 479 694 527 rumpere
704 443 852 527 plumbum,

215 534 296 596 Quim
303 551 358 597 quae
361 549 519 597 perprunum
524 533 630 597 trepidat
634 550 692 581 cnm
697 549 826 582 murmure
830 532 930 580 rivum?

213 605 307 667 Nempe
317 605 382 652 inter
389 605 466 651 variar
475 605 588 651 nutritur
599 605 658 651 silva
669 600 810 663 columnas,

211 674 387 737 Laudaturque
397 675 487 722 domuc
498 675 587 738 longos
596 690 651 737 quae
660 675 781 738 prospicit
789 689 868 738 agros.

210 745 330 793 Naturam
341 745 448 808 expelles
458 743 540 803 furci,
552 741 632 791 tamen
642 759 721 807 usque
729 755 856 804 recurret,

209 815 240 862 Et
249 816 313 862 mala
322 825 466 878 perrumpet
475 815 561 861 furtim
571 813 666 862 fastidia
674 815 773 862 victrix.

210 885 270 932 Non
278 920 286 946 ,
294 887 341 949 qui
350 885 453 934 Sidonio
463 884 613 932 contendere
623 883 727 932 callidus
735 895 805 933 ostro

211 957 297 1004 Nescit
306 958 456 1018 Aquinatem
465 955 575 1017 potantia
584 955 674 1001 vellera
683 954 784 1015 fucum,

212 1027 310 1075 Certius
320 1027 422 1090 accipiet
432 1025 551 1072 damnum
560 1025 698 1088 prbpiueve
709 1024 840 1084 medullis,

213 1096 296 1157 Quim
307 1098 351 1160 qni
360 1113 413 1144 non
421 1095 514 1160 poterit
521 1111 581 1142 vero
592 1095 743 1157 distinguere
752 1094 852 1144 lelium.

212 1169 295 1228 Quem
304 1184 343 1214 res
351 1169 409 1231 plus
418 1167 496 1214 nimii)
503 1165 652 1212 delectavere
661 1165 789 1225 eecundae,

211 1239 315 1286 Mutatee
324 1239 444 1300 quatient.
458 1237 484 1284 Si
492 1234 555 1298 quid
564 1234 696 1294 mirabere,
704 1251 783 1298 pcnee

213 1309 319 1355 Invitus.
335 1313 400 1370 Fuge
411 1322 510 1369 magua3
519 1306 577 1353 licet
586 1305 633 1352 sub
643 1320 753 1368 paupere
764 1316 832 1354 tecto

211 1379 291 1440 Reges
300 1389 324 1424 et
333 1393 417 1441 regum
428 1375 479 1426 viti
487 1391 638 1439 precurrere
646 1376 748 1422 amicos.

213 1449 306 1496 Cervue
315 1462 409 1510 equum
418 1445 501 1508 pugni
509 1445 597 1493 melior
606 1444 782 1494 communibus
791 1445 877 1493 herbie

210 1517 336 1576 Pellebat,
343 1517 421 1563 donec
432 1515 513 1562 minor
521 1514 549 1562 in
557 1515 690 1564 certamine
698 1515 775 1580 longo

213 1587 359 1650 Imploravit
369 1603 428 1650 opes
437 1585 548 1633 bominis
555 1619 564 1646 ,
572 1586 728 1649 fraenumqne
738 1587 844 1649 recepit:

213 1657 275 1718 Sed,
284 1669 417 1722 postquam
426 1657 507 1704 victor
515 1657 612 1704 violens
622 1655 731 1703 dieceeeit
741 1656 771 1702 ab
781 1655 867 1716 hoste,

212 1729 272 1777 Non
281 1729 391 1792 equitem
400 1728 488 1787 dorso,
496 1743 549 1774 non
558 1726 664 1774 fraenum
676 1726 772 1790 depulit
781 1741 832 1774 ore.

213 1800 253 1848 Sic
262 1801 319 1862 qui,
328 1799 470 1864 pauperiem
483 1797 587 1856 veritus,
595 1797 693 1860 potiore
703 1797 806 1844 metallis

212 1869 337 1917 Libertate
345 1881 422 1928 caret,
433 1868 563 1916 domiuum
572 1867 648 1916 vehet
656 1867 801 1930 improbus,
809 1877 885 1930 atque
913 1890 915 1894 ·

212 1941 308 1988 Serviet
317 1939 452 1998 artemium,
459 1939 517 2001 quia
526 1953 603 2001 parvo
612 1939 705 1984 nesciet
714 1938 762 1988 uti.

171 2011 174 2018 '
213 2011 262 2058 Cui
271 2027 323 2058 non
333 2010 464 2058 conveniet
473 2023 518 2056 sua
526 2025 578 2067 ree,
587 2018 617 2054 ut
625 2009 721 2056 calceus
731 2007 807 2067 olim,

212 2080 238 2128 Si
247 2079 311 2142 pede
320 2081 398 2140 major
408 2080 467 2139 erit,
476 2078 617 2135 subvertet3
626 2079 646 2124 ei
657 2079 752 2139 minor,
762 2089 826 2125 uret.

211 2153 295 2197 Laetus
301 2155 368 2199 rorte
377 2148 419 2194 tud
427 2147 496 2194 ‘vires
506 2149 641 2210 sapienter,
650 2148 740 2206 Arieti3
782 2147 786 2156 '

211 2221 264 2270 rtec
273 2234 312 2264 me
322 2218 431 2264 dimittes
440 2218 625 2280 incastigatum,
635 2218 679 2265 ubi
688 2218 760 2280 plura

212 2291 305 2354 Cogere
315 2288 456 2352 quim'eatir
465 2299 515 2348 eet,
524 2303 551 2334 ac
561 2301 613 2336 non
622 2303 726 2346 cessare,
735 2287 847 2335 videbor.

212 2363 320 2424 Imperat
330 2371 373 2407 aut
380 2361 458 2406 eervit
467 2359 569 2407 collecta
576 2356 682 2422 pecdnia
691 2359 795 2420 cuique,

212 2433 318 2480 Tortum
329 2430 400 2496 digna
410 2427 587 2493 aequipotiira,
600 2427 674 2492 quam
686 2429 788 2487 ducere,
799 2427 894 2475 funem.

212 2503 271 2549 llaec
280 2501 326 2550 tibi
337 2501 458 2549 dictabam
468 2509 527 2562 post
536 2498 621 2546 fanum
631 2510 706 2561 putre
714 2499 837 2558 Vacunae,

211 2573 322 2637 Excepto
331 2572 400 2636 qubd
409 2585 462 2620 non
472 2569 546 2618 simul
552 2583 633 2628 'errem
641 2579 723 2616 cetera
732 2569 811 2616 laetus.
