2180 3518
199 309 245 342 ins
353 291 385 352 Q.
403 287 583 337 HORATII
600 291 749 340 FLACCI

265 381 313 440 Te,
322 379 431 426 fontium
439 378 483 441 qui
492 379 554 426 oelut
563 379 670 442 origines
730 391 731 394 ’

265 452 403 512 Nilusque,
414 459 438 496 et
447 451 523 507 Ister,
533 459 557 496 te
566 449 667 512 rapidus
677 451 770 514 Tigris,

299 523 334 568 Te
342 519 470 582 belluosus
480 519 525 581 qui
534 521 636 567 remotis

334 589 463 668 Obstrepit
472 591 587 638 Oceanus·
595 591 732 652 Britannis,

265 732 362 778 Tenon
373 730 484 792 putentis
494 729 582 782 funera
593 731 689 790 Gallis,

265 804 391 863 Duraeque
402 800 475 847 tellus
484 799 555 850 audit
563 799 660 848 Iberiae:
750 857 759 873 Γ
809 805 810 808 ’

300 872 335 918 Te
344 870 409 918 osede
418 870 552 934 gaudentes
562 871 679 920 sicambri

335 942 484 1004 Compositis
494 952 643 990 venerantur
652 941 733 988 erinis.
802 935 808 946 '

202 1137 900 1159 {mmmmmmmm

438 1286 546 1351 ODE
581 1288 665 1352 XV.

351 1430 751 1480 suousrsnionns

262 1524 408 1617 Prorsus
416 1571 542 1618 volentem
551 1570 636 1634 proelis
645 1585 684 1618 me
689 1571 765 1634 'loqui

248 1639 251 1652 “
264 1641 347 1688 victas
356 1651 381 1687 et
392 1639 465 1688 urbes
474 1640 598 1704 increpuit
607 1639 675 1705 tyri,

301 1711 339 1760 Ne
348 1726 422 1775 parva
431 1711 589 1774 Tyrrhenum
596 1727 644 1776 per
653 1727 739 1774 aequor

334 1783 395 1829 Vela
404 1781 495 1829 darem.
504 1783 570 1843 Tua,
578 1782 670 1842 Caenr,
679 1793 736 1830 aetes

265 1927 356 1987 Fruges
365 1932 390 1970 et
399 1914 462 1986 agris
471 1923 569 1969 rettulit
578 1922 679 1982 uberes,

264 1995 295 2040 Et
303 1994 370 2056 signu
379 2002 466 2040 nostro
475 1991 584 2039 restituit
590 1994 606 2038 J
608 1993 649 2040 ori

238 2078 241 2084 ’
298 2063 399 2124 Direpta
408 2061 557 2108 Parthorum
566 2062 679 2126 superbis
714 2119 718 2127 Ι

333 2129 465 2190 Postibus,
475 2141 500 2177 et
508 2146 615 2178 vacuum
626 2131 714 2180 ‹tuettts

264 2275 280 2318 J
281 2286 356 2318 snum
367 2271 468 2332 Quirini
477 2271 577 2331 clausit,
587 2283 612 2318 et
622 2271 733 2319 ordinem

264 2345 370 2392 Rectum
380 2353 405 2388 et
413 2343 511 2406 vaganti
519 2341 594 2391 sraenu
605 2342 709 2389 licentior

298 2411 400 2474 injecit,
410 2413 552 2475 emovitque
561 2414 661 2476 culpas,

333 2483 363 2530 Et
373 2495 466 2530 veteres
475 2484 601 2530 revocavit
609 2493 685 2541 artes,
726 2483 727 2486 ’

263 2626 309 2670 Per
318 2638 380 2686 quas
390 2625 505 2672 Latinum
514 2640 607 2672 nomen
617 2635 642 2671 et
650 2624 716 2672 Itale

264 2695 368 2742 Crevere
379 2694 455 2753 vires,
466 2694 577 2756 famaque
587 2705 612 2741 et
619 2694 708 2757 imperi

296 2765 410 2809 Porrecto
419 2762 530 2824 majestas
541 2763 571 2810 ud
581 2774 665 2811 ortum

332 2830 395 2878 Solis
405 2831 434 2878 ab
444 2833 562 2896 Hesperio
572 2833 655 2880 cubili.
