2176 3540
343 323 643 374 urtsrotaltott
665 328 737 374 LIB.
760 327 779 374 1.
869 336 918 389 ³49

204 412 264 460 Vina
274 410 325 459 lere
336 411 422 459 dulces
431 411 547 460 oluerunt
556 415 626 462 mane
636 414 764 462 Camoenae.

203 482 328 530 Laudibus
337 483 451 546 arguitur
460 483 511 529 vini
519 484 620 531 vinosus
630 485 766 532 Homerus:

203 554 295 600 Ennius
304 553 358 616 ipse
368 563 438 614 pater
446 568 596 615 numquam,
607 555 653 601 nisi
662 566 752 618 potus,
762 554 792 601 ad
801 570 867 602 arma
967 603 972 610 ,

202 623 319 670 Prosiluit
329 621 439 668 dicenda.
455 643 465 663 α
475 626 566 670 Forum
574 624 707 686 putealque
716 624 818 672 Libonis

202 713 213 734 α
221 691 348 740 Mandabo
358 692 442 751 siccis,
453 692 558 739 adimam
568 705 665 740 cantare
674 693 764 742 severis
774 717 792 742 n.

201 763 254 810 Hoc
263 762 339 820 simul
347 761 438 820 edixit,
448 778 502 809 non
511 778 634 810 cessavere
642 767 722 826 potitae

202 832 334 880 Nocturno
344 842 435 878 certare
444 847 526 891 mero,
534 843 622 899 putere
632 832 731 880 diurno.

202 902 284 963 Quid,
293 903 314 948 si
324 902 380 964 quis
388 901 462 948 vultu
471 913 544 949 torro
554 902 620 948 ierus
631 914 655 949 et
663 903 726 965 pede
735 903 805 952 nudo

200 973 351 1036 lixiguaeque
360 981 423 1035 togae
432 971 531 1019 simulet
542 982 638 1019 textore
648 974 780 1033 Catonem,

200 1044 359 1089 virtutemne
368 1052 525 1109 repraesentet
534 1057 664 1104 moresque
674 1039 790 1111 Catonis?

200 1112 280 1176 Rupit
290 1111 405 1158 Iarbitam
414 1112 552 1175 Timagenis
561 1112 647 1158 aemula
657 1112 753 1175 lingua,

200 1184 268 1230 Dum
278 1181 363 1229 studet
372 1181 495 1238 urbanus,
505 1181 749 1245 tenditquedisertus
757 1181 850 1229 haberi.

200 1252 299 1315 Decipit
309 1251 432 1314 exemplar
440 1251 507 1298 vitiis
516 1251 646 1311 imitabile:
657 1252 756 1315 quodsi

200 1322 317 1370 Pallerem
326 1336 397 1380 casu,
405 1319 518 1367 biberent
528 1337 639 1383 exangue
648 1323 785 1371 cuminum.
877 1329 879 1334 '

201 1394 223 1440 0
233 1392 381 1451 imitatores,
391 1407 490 1439 servum
500 1407 589 1455 pecus,
599 1402 629 1438 ut
637 1393 699 1440 mihi
707 1393 771 1456 saepi

173 1477 177 1482 ·
199 1463 292 1522 bilem,
302 1461 365 1524 saepi
374 1460 471 1523 jocum,
480 1462 555 1509 vestri
564 1461 662 1510 movere
672 1463 807 1512 tumultus!

200 1533 287 1580 libera
295 1547 340 1596 per
348 1547 454 1579 vacuum
464 1533 538 1595 posui
547 1533 648 1596 vestigia
656 1535 783 1598 princeps;

200 1603 261 1650 Non
269 1602 346 1649 aliena
355 1617 411 1649 meo
419 1603 496 1665 pressi
505 1602 575 1666 pede.
590 1603 642 1662 Qui
650 1604 697 1650 sibi
705 1602 774 1664 fidit,

200 1675 261 1721 Dux
270 1673 333 1735 regit
341 1687 450 1718 examen.
465 1673 548 1719 Parios
558 1688 604 1735 ego
612 1674 708 1735 primus
717 1673 812 1720 iambos

200 1741 305 1790 Ostendi
314 1742 397 1801 Latio,
406 1758 524 1789 numeros
533 1743 678 1804 animosque
688 1752 811 1804 sequutus

200 1812 357 1871 Archilochi,
365 1827 418 1859 non
428 1828 466 1858 res
475 1823 501 1858 et
509 1812 605 1875 agentia
613 1811 688 1857 verba
697 1810 842 1872 Lycamben.

200 1885 251 1942 Ac,
260 1899 291 1930 ne
301 1897 340 1928 me
350 1881 414 1928 loliis
422 1881 479 1929 ideo
487 1880 644 1928 brevioribus
653 1896 726 1927 ornes

201 1952 278 2014 Qubd
287 1952 359 2000 timui
368 1962 464 1998 mutare
474 1951 562 1998 modos
572 1960 596 1996 et
604 1950 718 1996 carminis
727 1961 817 2010 artem,

199 2025 332 2087 Temperat
341 2020 484 2068 Archilochi
493 2022 591 2067 Musam
600 2019 663 2084 pede
672 2021 778 2068 mascula
787 2018 901 2084 Sappho,

200 2096 331 2156 Temperat
339 2091 448 2140 Alcaeus:
458 2090 500 2138 sed
509 2089 583 2140 rebus
593 2100 617 2136 et
627 2090 713 2138 ordine
723 2090 816 2156 dispar3

199 2165 252 2214 Nec
261 2178 373 2210 socerum
383 2161 484 2226 quaerit,
494 2176 568 2225 quem
577 2160 688 2209 versibus
699 2162 792 2212 oblinat
801 2163 872 2222 atriu

199 2235 252 2282 Nec
261 2249 357 2298 sponsae
365 2233 482 2296 laqueum
492 2233 586 2282 famoso
595 2235 701 2282 carmine
710 2236 794 2283 nectit.
807 2265 810 2284 ι

199 2305 273 2352 Hunc
282 2319 341 2368 ego,
349 2319 403 2350 non
411 2303 459 2350 alio
468 2301 563 2352 dictum
572 2303 642 2368 priris
652 2322 707 2365 ore,
718 2306 809 2354 Latinis

199 2374 305 2438 Vulgari
314 2372 416 2420 fidicen:
426 2372 497 2434 juvat
505 2375 674 2423 immemorata
682 2376 801 2423 ferentem

199 2444 316 2508 lngennis
325 2442 454 2506 oculisque
462 2443 522 2507 legi,
532 2444 695 2506 manibusque
705 2444 790 2491 teneri.

201 2515 267 2563 Scire
276 2513 336 2561 velis
345 2529 398 2560 mea
407 2529 453 2560 cnr
461 2515 571 2577 ingratus
581 2512 698 2576 opuscula
708 2513 784 2560 lector
902 2569 904 2578 s

199 2583 294 2632 Landet
303 2595 417 2646 ametque
427 2582 508 2643 domi,
516 2593 612 2648 premat
621 2593 689 2629 extra
698 2582 774 2630 limen
782 2581 899 2646 iniquus?

199 2656 258 2704 Non
269 2669 314 2718 ego
323 2664 431 2702 ventosae
441 2653 519 2716 plebis
529 2651 644 2716 suffragia
653 2667 731 2700 venor

198 2724 319 2788 Impensis
329 2738 453 2770 ooenarum
465 2734 490 2770 et
499 2724 562 2770 tritae
571 2739 673 2771 munere
682 2724 769 2782 vestis3

198 2795 258 2844 Non
267 2809 326 2858 ego,
337 2793 460 2840 nobilium
469 2789 618 2857 scriptorum
629 2793 728 2843 auditor
736 2806 761 2842 et
770 2794 850 2856 ultor,

199 2863 375 2912 Grammaticos
383 2863 475 2912 ambire
485 2863 565 2912 tribus
573 2874 598 2912 et
607 2864 703 2930 pulpita
712 2863 812 2930 dignor:
