2180 3518
340 284 714 334 semimortuus
836 287 880 347 1⁶,

161 379 178 422 J
180 391 222 424 am
232 375 291 440 satis
301 377 350 422 est!
360 375 429 420 Dum
439 389 470 420 aes
479 374 598 436 exigitur,
608 373 668 420 dum
679 373 746 420 mula
755 375 858 436 ligatur,

161 449 231 494 Tota
240 445 293 492 abit
302 445 371 506 hora.
387 443 446 490 Mali
457 443 546 490 culices
556 459 670 505 ranaeque
679 444 800 506 palustres

91 569 94 574 ⁸
163 517 295 563 Avertunt
304 529 419 561 somnos:
430 511 555 558 absentem
565 523 593 560 ut
602 524 684 560 cantat
692 515 795 562 amicam

164 583 249 634 Mults
257 584 375 646 prolutus
384 580 465 644 vappai
474 594 549 630 nauta
558 594 632 645 atque
642 584 721 630 viator

165 654 301 704 Certatim:
312 651 411 699 tandem
421 650 499 698 lessus
509 651 616 699 dormire
625 653 704 702 viator
747 701 750 710 ,

110 735 115 744 ·
166 724 273 786 Incipit3
283 739 311 769 ac
321 723 399 768 missae
408 733 507 784 pastum
517 722 650 774 retinacula
659 723 732 772 mulae

167 795 252 842 Nauta
261 795 332 856 piger
341 807 400 838 saxo
410 791 507 854 religat,
517 792 648 852 stertitque
657 794 768 854 supinus¹

168 867 276 926 Jamque
287 863 338 910 dies
347 861 442 924 aderat,
453 877 532 923 quum
540 860 578 912 ,nil
586 860 719 922 procedere
727 863 825 912 lintrem

169 934 311 990 Sentinum
322 931 400 980 donec
410 929 553 978 cerebrosus
561 931 660 992 prosilit
669 947 747 990 unns,

169 1004 207 1051 Ac
217 1002 292 1050 mulae
300 1013 431 1064 nautaque
441 1010 517 1062 caput
525 993 675 1062 lumbosque
685 1001 777 1063 saligno

169 1077 244 1120 Fuste
255 1071 336 1118 dolat:
347 1068 434 1132 quarti
443 1071 487 1115 rix
497 1069 599 1116 demum
609 1071 761 1137 exponimur!
768 1071 837 1120 hori.

171 1144 220 1189 Ora
230 1156 370 1204 manusque
380 1139 422 1186 tul
431 1139 551 1203 lavimus,
560 1141 676 1199 Feronia,
683 1140 794 1204 lymphis.

171 1212 249 1259 Millia
259 1223 315 1259 turn
324 1209 409 1273 pransi
419 1210 465 1255 tria
475 1209 598 1272 repimus,
608 1220 681 1272 etque
691 1209 803 1258 subimus

173 1282 324 1344 Impositum
334 1279 397 1326 sauls
406 1279 454 1326 late
463 1277 624 1325 candentibus
633 1281 730 1328 Anxur.

172 1354 227 1398 Huc
237 1361 360 1398 venturus
370 1363 421 1396 erat
431 1349 564 1408 Maecenas,
573 1349 683 1412 optimus
692 1361 766 1414 atque

174 1422 306 1480 Cocceius,
315 1419 382 1466 missi
392 1419 486 1481 magnis
495 1419 526 1464 de
535 1418 608 1466 rebus
617 1431 722 1484 uterque

172 1491 271 1555 Legati,
280 1505 379 1536 aversos
388 1488 455 1535 soliti
464 1504 612 1551 componere
621 1491 719 1537 amicos.

173 1561 219 1608 Hic
229 1559 309 1608 oeulis
319 1575 365 1622 ego
374 1559 444 1621 nigra
454 1559 513 1604 meis
523 1559 624 1622 collyria
633 1559 716 1623 lippus

175 1631 283 1678 illinere.
296 1632 392 1676 Interea
402 1630 521 1697 Maecenas
531 1627 629 1676 advenit
639 1640 713 1693 atque

177 1701 311 1758 Cocceius,
322 1698 459 1762 Capitoque
469 1697 543 1745 simul
552 1698 681 1756 Fonteius,
691 1697 721 1744 ud
731 1713 840 1760 unguem

173 1775 264 1819 Factus
273 1769 365 1828 homo,
373 1766 482 1827 Antoni,
491 1783 545 1814 non
553 1776 583 1813 ut
593 1767 669 1828 magis
679 1767 751 1826 alter,
760 1769 861 1816 amicus.

174 1839 278 1888 Fundos
286 1829 389 1886 Aufidio
399 1839 480 1884 Lusco
489 1847 594 1900 praetore
603 1835 709 1883 libenter

175 1910 339 1972 Linquimus,
347 1908 427 1954 insani
436 1907 544 1954 ridentes
554 1907 653 1968 praemia
662 1906 760 1966 scribac,

176 1983 339 2036 Praeteritum,
349 1988 373 2024 et
381 1977 459 2024 latum
469 1976 580 2036 clavum,
589 1991 725 2039 prunaeque
734 1977 855 2026 batillum.

179 2053 209 2096 ln
219 2049 404 2110 Mamurrarum
414 2047 471 2092 lassi
479 2045 567 2092 deinde
577 2046 638 2094 urbe
648 2063 788 2108 menemus,
862 2079 868 2088 ·

177 2111 290 2167 Muraena
299 2117 424 2180 praebente
434 2115 551 2174 domum,
561 2117 679 2180 Capitone
689 2119 803 2166 culinam.

178 2192 280 2238 Postera
288 2187 333 2234 lox
343 2187 423 2233 oritur
433 2185 513 2232 multo
523 2187 667 2249 gratissime:
677 2205 783 2251 namque

179 2259 275 2306 Plotius
284 2267 309 2304 et
318 2257 412 2304 Varius.
417 2257 536 2303 Sinuessae
545 2257 712 2320 Virgiliusque

181 2321 339 2383 Occursum
349 2325 449 2385 animoe,
458 2323 540 2388 quales
550 2343 631 2389 neque
642 2327 795 2374 candidiores

181 2400 257 2445 Terre
267 2396 340 2454 tulit,
347 2411 428 2457 neque
438 2397 507 2458 queis
517 2411 556 2442 me
567 2397 599 2440 sit
609 2395 746 2442 devinctior
755 2397 823 2442 alter.

182 2468 205 2514 0
215 2468 260 2530 qui
268 2465 413 2528 complexus
422 2476 447 2513 et
455 2463 543 2527 gaudia
552 2475 643 2526 quanta
653 2464 766 2510 fuerunt!

181 2537 224 2585 Nil
234 2527 279 2598 ego
289 2529 438 2582 contulerim
447 2533 560 2595 jucundo
570 2549 643 2580 sanus
652 2526 738 2580 antico.

181 2607 299 2654 Proxima
306 2605 439 2673 *Campano
444 2605 516 2666 ponti
526 2619 580 2666 quae
589 2601 673 2651 villula
682 2612 774 2649 tectum
793 2641 796 2648 .

182 2675 305 2742 Praebuit,
315 2685 340 2722 et
349 2673 464 2736 parochi,
473 2689 528 2735 quae
538 2673 641 2732 debent,
649 2672 715 2735 ligna
725 2674 856 2738 solemque.

183 2746 249 2794 Hinc
258 2744 321 2792 muli
331 2745 420 2806 Capuae
429 2743 529 2790 clitellas
540 2753 651 2806 tempore
660 2745 767 2806 poirunt.

183 2817 279 2864 Lusum
288 2814 310 2862 it
319 2815 452 2871 Maecenas3
461 2811 598 2860 dormitum
608 2825 653 2876 ego
661 2814 840 2878 virgiliusque:

205 3035 210 3058 l
