2180 3518
345 325 572 376 CARMINUM
589 329 663 376 LIB.
682 331 733 376 lv.
848 345 893 387 ¹⁰7

244 420 351 465 sensere
360 413 421 478 quid
431 430 501 472 mens
509 415 568 475 rite,
577 417 638 480 quid
646 416 756 477 indoles,

244 486 349 533 Nutrita
358 485 445 532 faustis
455 485 502 532 sub
511 487 690 549 penetralibus,

283 555 381 614 Posset,
391 554 453 617 qnid
463 553 571 617 Augusti
579 567 697 618 paternus

319 627 348 671 ln
356 639 449 687 pueros
458 625 556 671 animus
565 627 683 674 Nerones.

248 767 335 812 Fortes
345 775 460 812 creantur
469 765 589 823 fortibns3
599 775 624 812 et
632 765 706 813 bonis

250 835 294 882 Est
302 835 329 880 in
337 834 463 896 juvencis,
474 845 510 881 est
519 837 546 881 in
555 837 639 898 equis,
649 847 747 898 patrum

284 905 384 951 Virtus:
395 920 441 950 nec
450 905 575 951 imbellem
586 904 678 952 feroces

319 976 486 1036 Progenerant
494 975 582 1036 aquilas
592 975 741 1022 columbam.

250 1113 369 1160 Doctrina
379 1113 422 1160 sed
431 1115 482 1161 vim
493 1123 627 1176 promovet
635 1113 747 1174 insitam,

251 1184 371 1246 Rectique
380 1183 463 1230 cultus
473 1193 576 1247 pectora
587 1182 718 1233 roborant:

286 1255 427 1316 Utcumque
438 1253 547 1300 defecere
557 1268 652 1312 mores,

319 1323 466 1370 Indeeorant
474 1322 538 1369 beue
546 1332 603 1369 nata
613 1323 699 1386 cnlpae.

253 1461 322 1523 Quid
331 1461 455 1523 debeas‚b
465 1464 559 1521 Roma,
568 1461 724 1522 Neronibus,
823 1462 827 1468 '

252 1534 331 1580 Testis
341 1534 483 1579 Metaurum
492 1531 599 1591 llumen,v
609 1544 634 1579 et
641 1532 779 1582 Hasdrubal

286 1603 418 1661 Devictus,
427 1613 452 1647 et
460 1601 565 1664 pulcher
575 1601 665 1666 fugatis

321 1673 367 1718 Ille
375 1671 427 1718 dies
435 1671 496 1718 latio
505 1671 627 1731 tenebris,

253 1813 305 1874 Qui
314 1814 410 1876 primns
419 1810 481 1861 almi
490 1814 545 1860 risit
553 1811 656 1870 adorei,

252 1884 329 1931 Dirus
338 1899 382 1946 per
391 1883 465 1930 urbes
474 1883 534 1930 Afer
544 1893 573 1928 ut
584 1883 669 1939 Italas,

289 1953 341 2001 Ceu
349 1952 446 2000 flamma
454 1969 499 2016 per
508 1952 595 2010 taedas,
604 1952 643 1998 rel
651 1951 731 1998 Eurus

322 2025 369 2070 Per
378 2023 470 2070 Siculas
479 2023 599 2086 equitavit
608 2021 694 2068 undas.

254 2163 314 2210 Post
321 2162 371 2210 boc
381 2163 496 2210 secundis
505 2179 584 2227 nsque
593 2161 719 2212 laboribus

254 2233 367 2280 Romana
376 2233 456 2295 pubes
464 2233 556 2292 erevit,
566 2243 591 2280 et
598 2234 677 2296 impio

288 2304 387 2349 Vestata
396 2306 530 2350 Poenorum
542 2303 654 2350 tumultu

303 2394 307 2400 ·
323 2375 387 2419 Pana
396 2375 461 2420 Deos
470 2373 579 2420 habuere
589 2383 675 2425 rector.

251 2511 372 2575 Dixitque
382 2512 482 2560 tandem
490 2510 601 2576 perfidus
611 2509 745 2558 Hannibal:

251 2581 339 2641 Cervi,
348 2582 469 2645 lnporum
478 2582 559 2645 praeda
569 2582 707 2644 rapacium,

287 2653 493 2699 Sectamurnltro
501 2667 567 2714 quos
577 2651 676 2712 opimus

324 2722 415 2770 Fallere
424 2733 450 2769 et
459 2721 569 2783 effugere
579 2730 615 2766 est
625 2718 775 2782 triumphus.

253 2859 333 2918 Gens,
343 2875 398 2922 quse
406 2870 515 2907 cremato
526 2858 597 2904 fortis
608 2858 638 2904 ab
647 2859 701 2905 nio·

193 2939 196 2944 ·
251 2929 347 2977 lactata
357 2931 444 2978 Tuscis
453 2927 596 2994 aequoribus
607 2942 686 2985 sacra,
