2176 3540
202 305 254 356 ,ιο
363 307 395 368 Q.
413 303 595 355 nonium
612 305 762 358 atroci

200 392 303 442 Fervida
312 394 382 458 qnod
392 394 484 442 subtile
493 393 630 442 exsurdant
640 394 698 444 vina
707 395 827 460 palatum.

200 466 333 512 Iuverunt
342 465 483 530 Attiphrnis
492 465 586 512 vinaria
597 475 649 512 tota

201 529 318 583 Vibidius
327 536 489 599 Balatroque,
499 535 613 599 sequutis
622 535 752 584 omnibus:
762 537 808 584 imi

200 605 320 654 eonvtvae
328 606 386 654 lecti
395 604 504 654 nihilum
514 621 623 656 nocuere
631 607 733 670 lagenis.

201 675 315 724 Affertur
324 677 426 742 squillas
434 677 500 725 inter
509 692 618 724 muraena
627 687 741 726 natantes

200 746 319 811 lupatini
328 759 450 812 porrecta·
455 747 508 796 Sub
512 747 561 796 hoc
566 747 826 812 herus,llrecgravida,
830 748 926 814 inquit,

201 817 278 881 Capta
289 830 339 879 est,
349 819 456 867 deterior
464 829 523 882 post
530 828 633 883 partum
641 833 715 866 carne
724 819 817 866 lutura.

200 887 247 936 llis
256 889 364 956 mixtum
373 889 414 953 jus
423 900 460 938 est
469 889 525 937 oleo
536 889 606 953 quod
616 889 697 953 prima
707 889 811 937 Veuairi

200 959 294 1008 Pressit
302 961 376 1020 cella;
386 977 445 1026 garo
455 959 486 1007 de
494 950 573 1007 suo'cis
583 960 659 1023 piscis
669 959 747 1019 Iberi3

201 1029 270 1078 Viuo
280 1031 450 1096 quinquenni,
459 1028 547 1079 veriun
557 1031 619 1078 citra
628 1047 695 1079 mare
704 1042 776 1090 nato,

202 1101 272 1150 Dum
281 1103 413 1166 coquitur,
421 1112 494 1150 cocto
503 1102 595 1151 Chium
605 1101 640 1149 sie
648 1102 766 1150 convenit
775 1112 804 1150 ut
813 1117 869 1150 non

203 1172 258 1220 Hoc
268 1175 343 1237 magis
353 1173 434 1221 ullum
445 1172 524 1229 alind3
539 1173 625 1237 pipere
633 1172 707 1233 albo,
716 1185 769 1220 non
779 1174 832 1220 sine
841 1183 914 1222 aceto

203 1243 283 1304 Quod
292 1244 484 1310 Methymnaeam
494 1244 555 1292 vitio
565 1244 699 1291 mutaverit
707 1259 790 1292 nram.

202 1314 294 1360 Erucas
303 1314 407 1374 virides,
414 1315 495 1362 inulas
504 1329 550 1376 ego
561 1315 659 1379 primus
668 1329 759 1363 maras

202 1385 343 1432 Monstravi
351 1385 499 1448 incoquere3
509 1385 596 1434 illutus
608 1384 729 1435 Curtillus
739 1384 856 1444 echinos,

203 1456 239 1502 llt
248 1452 352 1515 melius,
361 1454 441 1502 murirl
451 1471 527 1519 quoru
538 1466 600 1504 testa
610 1457 704 1504 marina
713 1456 826 1504 remittit.

202 1523 300 1572 luteres
310 1541 429 1589 suspensa
438 1541 523 1590 graves
532 1527 610 1575 aulaea
618 1528 703 1575 ruinas

203 1596 233 1642 ln
242 1594 352 1659 patinam
363 1595 456 1657 fecere,
465 1597 589 1645 trahentia
597 1598 707 1663 pulveris
716 1598 763 1645 atri

204 1663 337 1726 Quantum
347 1682 400 1714 uon
410 1667 505 1731 Aquilo
515 1668 647 1732 Campanis
656 1669 748 1716 excitat
756 1668 827 1732 agris.

204 1736 258 1785 Nos
267 1737 348 1801 majus
358 1739 443 1799 veriti,
452 1749 584 1802 postquam
594 1739 660 1787 nihil
668 1755 720 1786 esse
727 1739 814 1803 pericli

205 1808 347 1870 Sensimus,
355 1810 482 1874 erigimur.
496 1809 579 1858 nutus
588 1811 673 1873 posito
682 1811 774 1874 capite,
783 1810 843 1858 utsi

205 1879 282 1926 Filius
290 1881 439 1930 immaturus
448 1879 552 1941 obisset,
561 1881 627 1928 flere.
642 1881 706 1942 Quis
716 1890 779 1928 esset

206 1950 286 2010 Finis,
296 1952 323 1998 ni
332 1951 429 2015 sapiens
438 1951 472 1999 sic
481 1952 655 2000 Nomentanus
664 1952 772 1998 amicum

206 2021 328 2069 Tolleret:
340 2022 396 2068 Heu
404 2024 527 2070 Fortuna!
538 2023 595 2085 quis
605 2033 642 2070 est
651 2021 777 2070 crudelior
784 2021 811 2068 in
819 2035 868 2069 nos

205 2091 242 2136 Te
251 2088 328 2137 deus?
340 2102 370 2139 ut
377 2107 473 2155 semper
480 2093 570 2156 gaudes
580 2093 683 2140 illudere
693 2092 767 2142 rebus

205 2160 340 2208 Humanis!
353 2161 443 2208 Varius
453 2163 543 2226 mappi
551 2179 707 2228 compescere
716 2163 795 2216 risum

205 2231 258 2278 vix
265 2241 371 2295 poterat.
385 2232 496 2294 Balatro,
507 2234 661 2298 suspendens
670 2234 755 2282 omnia
764 2249 839 2293 naso,

206 2299 266 2350 Ilaec
275 2312 312 2351 cst
320 2302 433 2351 conditio
441 2303 556 2371 vigendi,
566 2305 645 2353 aiebat
652 2322 659 2364 ;
665 2306 746 2368 eoque

207 2373 368 2438 Responsura
377 2385 422 2423 tuo
431 2391 569 2439 numquam
580 2386 617 2423 est
626 2392 671 2439 par
680 2375 744 2422 fama
752 2374 840 2422 labori.

207 2445 289 2506 Tene,
297 2456 328 2493 nt
336 2462 382 2512 ego
391 2447 495 2510 accipiar
502 2446 583 2505 lauti,
592 2447 732 2510 torquerier
740 2445 811 2494 omni

208 2515 381 2566 sollieitudine
390 2518 547 2567 districtum?
556 2533 589 2564 ue
599 2518 669 2582 panis
679 2517 795 2575 adustus,

208 2585 247 2634 Ne
256 2588 318 2635 mali
328 2590 458 2639 conditum
469 2587 509 2652 jue
518 2589 677 2652 apponatur?
685 2599 715 2636 ut
724 2602 812 2636 omnes

207 2657 337 2705 Pracincti
345 2671 411 2708 reete
420 2660 491 2725 pueri
501 2659 628 2722 comtiqne
637 2658 795 2708 ministrent?

135 2737 136 2740 ’
208 2725 280 2774 Adde
289 2727 336 2775 hos
346 2741 462 2791 praterea
470 2746 552 2778 casua:
562 2731 638 2778 aulaea
647 2741 723 2778 ruant
731 2729 765 2788 si,

208 2798 244 2845 Ut
253 2797 342 2856 modd;
351 2801 373 2845 si
381 2801 491 2863 patinam
499 2800 562 2865 pede
572 2801 655 2864 lapsus
664 2800 761 2864 frangat
771 2813 853 2863 agaso.

209 2868 258 2918 Sed
267 2869 448 2930 convivatoris,
457 2872 496 2918 uti
505 2870 589 2933 ducis,
598 2872 728 2938 ingenium
738 2887 775 2920 rea
