2176 3540
195 383 198 388 ,
297 331 743 382 EPISTOLARUMLIMI.
812 330 876 397 '257

161 420 273 470 Deduxit
282 435 402 470 uumerus
412 423 555 480 Saturnium
567 433 591 470 et
601 437 673 487 grave
682 423 750 469 viius
763 415 769 426 '

162 492 293 540 Munditie
303 491 434 556 pepulere:
446 492 488 539 sed
497 494 524 540 in
532 493 635 556 longum
646 503 729 540 mmen
739 507 820 546 cetum

163 564 310 610 Mauseruut
319 562 444 626 hodieque
456 573 554 609 manent
563 564 663 626 vestigia
673 564 745 611 ruris.

164 635 236 682 Serus
245 635 311 680 euim
323 633 413 680 Graecis
421 633 531 680 admovit
541 634 653 680 acumina
662 634 765 693 chartis3

163 705 206 764 Et,
215 714 273 767 post
282 704 374 752 Punica
383 703 445 750 bella
454 704 566 766 quietus,
576 719 684 766 quaerere
694 706 768 768 coepit

165 773 234 835 Quid
243 773 379 837 Sophocles
389 783 414 820 et
421 773 525 836 Thespis
534 783 559 820 et
569 774 705 837 Aeschylus
713 775 772 822 utile
780 775 879 824 ferrem,

157 845 281 895 ,Teutavit
291 859 394 907 quoque
403 859 455 890 rem
464 844 485 890 si
494 837 566 907 digne
575 854 671 890 vertere
680 855 776 906 posset3

67 944 72 950 -
165 915 196 962 Et
204 915 299 979 placuit
308 915 368 973 sihi,
376 913 465 960 uaturs‘a
474 913 586 961 sublimis
596 924 621 960 et
630 929 696 962 acer:

165 987 227 1034 Nam
237 987 314 1050 spirat
322 986 444 1048 tragicum
453 985 523 1042 satis,
534 995 558 1030 et
568 984 670 1032 feliciter
678 984 766 1043 audet3
798 993 802 1000 “
872 1002 874 1010 ’

166 1055 213 1104 Sed
222 1066 321 1119 turpem
331 1065 403 1118 putat
412 1054 500 1101 inscite
509 1056 648 1117 metuitque
658 1055 766 1103 lituram.

166 1127 295 1185 Creditur,
304 1143 335 1172 ex
345 1125 426 1172 medio
436 1126 495 1192 quia¹
503 1141 541 1172 res
550 1126 661 1184 arcessit,
670 1125 762 1173 habere
774 1182 777 1188 ¹

167 1197 271 1245 Sudcris
280 1197 427 1254 minimum,
437 1195 480 1243 sed
490 1195 565 1242 hahet
574 1196 699 1242 Comoedia
710 1197 779 1244 tautb

167 1267 225 1315 Plus
236 1267 331 1326 oneris,
340 1267 436 1330 quantd
445 1267 522 1312 veniae
533 1265 622 1314 minias.
637 1266 727 1328 Aspice
737 1267 837 1316 Plautus

167 1339 227 1399 Quo
235 1347 309 1402 pacto
318 1347 399 1400 partes
410 1346 507 1383 tutetur
515 1337 618 1383 amantis
628 1337 731 1400 ephebi,

166 1410 202 1456 Ut
210 1409 288 1472 patris
298 1408 398 1466 attenti,
405 1407 502 1454 lenonis
512 1417 540 1454 ut
544 1400 673 1456 insidiosi:

168 1480 285 1540 Quantus
295 1479 327 1524 sit
335 1480 480 1524 Dossennus
490 1477 604 1526 edacibus
616 1480 642 1526 iu
652 1479 775 1543 parasitis3
845 1533 847 1537 ⁸

169 1548 252 1610 Quam
262 1565 315 1596 nou
325 1547 443 1595 adstricto
451 1561 577 1612 percurrat
586 1551 682 1614 pulpita
692 1567 772 1598 socco.

169 1620 249 1669 Gestit
259 1619 324 1666 euim
334 1633 467 1665 nummum
478 1619 505 1665 iu
513 1618 608 1667 loculos
619 1620 760 1680 demittere,
770 1617 884 1684 posthoc

168 1689 276 1738 Securus
285 1689 354 1736 cadat
363 1705 395 1736 au
404 1699 470 1736 recto
480 1700 528 1736 stet
537 1689 619 1737 fabula
628 1690 685 1736 talo.

170 1760 253 1821 Quem
263 1760 321 1807 tulit
332 1759 363 1807 ad
372 1775 468 1808 scenam
478 1760 668 1824 ventoso'gloria
678 1775 768 1820 curru,

169 1831 299 1878 Exanimat
307 1831 389 1878 lentus
398 1830 643 1895 spectator,',sedulus
651 1828 729 1876 inflat.
887 1886 889 1890 Ι

171 1903 210 1950 Sic
217 1902 285 1961 leve,
294 1901 328 1948 sic
335 1917 440 1965 parvum
448 1913 497 1960 est,
505 1902 613 1948 animum
622 1899 692 1963 quod
698 1899 778 1946 laudis
785 1915 885 1949 avarum
929 1954 932 1962 ,

172 1971 278 2022 Subruit
288 1987 315 2018 ac
325 1970 412 2020 reficit.
426 1971 513 2024 Valeat
522 1987 560 2018 tes
569 1970 676 2030 ludicra,
686 1970 755 2017 sime

171 2043 255 2090 Palma
264 2051 350 2106 negata
360 2058 483 2101 macrum,
493 2041 582 2088 donata
592 2041 688 2088 reducit
697 2041 818 2104 opimum.

172 2113 241 2178 Saepe
251 2113 325 2168 etiam
333 2111 450 2160 audacem
459 2112 528 2176 fugat
537 2112 598 2172 hoc,
609 2123 733 2176 terretque
742 2115 854 2176 poetam,

117 2199 121 2208 ·
173 2183 250 2244 Quod
261 2199 366 2230 numero
375 2183 472 2247 plures,
483 2183 575 2230 virtute
585 2194 610 2232 et
619 2184 715 2232 honore
725 2184 845 2244 minores,

172 2253 271 2302 ludocti
280 2253 426 2316 stolidique,
436 2264 460 2301 et
471 2253 611 2317 depugnare
620 2255 698 2317 parati

173 2325 198 2372 Si
207 2323 332 2372 discordet
339 2327 428 2387 eques,
439 2324 518 2370 media
528 2325 592 2370 iuter
601 2326 708 2371 earmina
716 2334 825 2389 poscunt

174 2395 227 2441 Aut
236 2409 338 2453 ursum,
347 2404 390 2442 aut
399 2393 506 2458 pugiles:
516 2393 556 2440 his
565 2409 622 2440 nam
632 2393 758 2456 plebecula
767 2393 871 2457 gaudet,

174 2464 269 2512 Verum
279 2464 358 2527 equiti
368 2481 470 2527 quoque
479 2463 527 2526 jam
538 2463 652 2526 migravit
661 2463 691 2510 ab
701 2479 759 2510 aure
769 2463 883 2528 voluptas

175 2535 263 2583 Omnis
273 2533 304 2582 ad
313 2535 420 2582 incertos
430 2534 515 2582 oculos
525 2543 549 2580 et
558 2532 645 2596 gaudia
654 2549 723 2580 vana.

175 2605 293 2666 Quatuor
302 2615 344 2651 sut
354 2605 436 2667 plures
446 2604 520 2652 aulaea
528 2613 678 2667 premuntur
687 2604 714 2651 iu
723 2604 809 2665 horas,

175 2677 243 2722 Dum
253 2674 355 2739 fugiunt
364 2677 477 2738 equitum
487 2685 575 2733 turmae
585 2673 748 2738 peditumque
758 2687 860 2726 catervae
872 2694 879 2736 ;

176 2747 239 2794 Mox
248 2745 358 2792 trahitur
367 2746 482 2793 manibus
491 2759 577 2808 regum
587 2745 687 2793 fortuna
696 2747 809 2805 retortist

176 2816 266 2863 Esseda
275 2810 405 2875 festinant,
414 2816 519 2880 pilenta,
529 2816 662 2880 petorrita,
671 2833 758 2876 uaves3

178 2886 311 2950 Captivum
321 2896 435 2950 portatur
444 2885 519 2946 ebur,
529 2887 624 2951 captiva
634 2887 778 2936 Corinthus.
847 2886 850 2891 ’

748 2971 787 3002 aa.
