2190 3546
204 305 236 354 ⁴4
364 296 396 357 Q.
414 295 591 344 HORATII
607 292 755 348 FLACCI

271 372 353 445 Quem
363 384 384 431 si
392 384 532 448 puellarum
541 384 659 430 insereres
668 382 761 439 choro,

269 455 332 503 Mire
341 469 435 517 sagaces
445 453 538 502 falleret
548 453 659 516 hospites

303 524 441 572 Discrimen
451 524 598 582 obscurum,
607 523 695 570 solutis

338 595 453 643 Crinibus
463 593 630 658 ambiguoque
639 593 721 640 vultu.

530 789 901 816 wwwvwwwvwwvum

445 951 558 1018 ODE
592 952 663 1018 VI.

389 1083 443 1137 Αἰ)
463 1089 722 1138 SEPTIMIUM.

284 1188 454 1287 Sirim,
463 1227 542 1274 Gades
552 1228 648 1275 aditure
658 1244 769 1288 meeum,
778 1240 803 1276 et

231 1322 233 1326 ¹
285 1297 435 1347 Cantabrum
444 1291 575 1344 indnctnm
584 1296 643 1359 juge
652 1296 716 1344 ferre
726 1307 825 1359 nostra,
837 1309 862 1346 et

283 1367 399 1415 Barbarae
409 1369 507 1430 Syrtes,
516 1365 561 1412 nbi
569 1369 656 1414 Maura
664 1381 761 1432 semper

440 1437 543 1484 Aestuat
551 1435 632 1483 unde:
768 1438 770 1442 '

283 1577 370 1636 Tibur,
380 1577 463 1640 Argeo
475 1578 585 1640 positum
595 1579 702 1638 colono,

282 1648 320 1696 Sit
329 1663 388 1695 meae
396 1646 464 1695 sedes
474 1648 569 1695 utinam
579 1660 680 1696 seneetae
689 1651 695 1694 !

282 1718 323 1778 Sit¹
329 1717 419 1766 modus
429 1719 587 1777 lammis,
596 1730 622 1766 et
631 1719 740 1780 viarum,

437 1789 582 1854 Militiaeque
590 1791 596 1834 !

281 1928 352 1976 Unde
362 1929 383 1974 si
390 1929 470 1977 Pareae
479 1930 613 1993 prohibent
621 1929 728 1992 inique,

281 1999 360 2044 Dulce
369 1999 460 2059 pellitis
470 1999 559 2046 ovibus
570 1999 656 2045 Galoesi

280 2066 399 2123 Flumen,
408 2076 433 2112 et
442 2077 540 2128 regnata
551 2077 634 2128 petam
643 2067 735 2112 Laconi

437 2137 505 2182 Rura
518 2136 645 2182 Phalanto.

278 2275 322 2321 Ille
333 2286 454 2323 terrarum
464 2274 526 2322 mihi
536 2285 625 2338 praeter
635 2290 721 2322 omnes

279 2345 395 2408 Angnlus
403 2342 480 2404 ridet,
490 2345 535 2392 ubi
543 2361 596 2392 non
604 2346 723 2408 Hymetto

278 2415 353 2463 Mella
362 2414 497 2474 decedunt,
506 2414 628 2478 viridique
640 2425 716 2462 certat

435 2487 511 2533 Baoee
519 2484 640 2542 Venefr03

278 2627 328 2672 Ver
336 2624 380 2671 uhi
389 2626 506 2689 longum,
516 2625 659 2689 tepidasque
667 2625 761 2690 praebet

278 2697 294 2738 J
296 2695 394 2756 uppiter
402 2695 516 2752 brumas;
527 2707 551 2742 et
560 2697 652 2742 amicus
662 2695 747 2742 Aulon

277 2764 360 2810 Fertili
370 2765 480 2822 Baccho,
489 2763 622 2812 minimfim
631 2765 738 2812 Falernis

435 2831 533 2880 Invidet
543 2836 605 2882 uvis.
