2180 3518
335 299 710 361 sirmiensium.
832 329 877 374 177

161 395 279 448 Molliits?
288 399 400 446 invideat
410 399 479 462 qnod
490 411 513 448 et
524 402 702 464 Hermogenes,
713 415 758 464 ego
769 411 849 447 canto.

160 469 338 533 Interpellandi
347 471 419 516 locus
428 471 469 516 hic
479 481 541 516 erat:
551 495 587 506 «-
597 473 639 518 Fet
648 471 694 517 tibi
705 481 795 529 mater,

163 540 281 602 Cognati,
293 541 364 602 queis
374 549 398 586 te
407 539 475 586 selvo
485 551 521 586 eet
531 541 609 602 opus?
618 567 652 576 --
661 539 735 587 Hand
744 539 806 586 mihi
815 540 879 602 quis·

247 625 337 672 qumi
561 665 564 672 .

162 680 255 725 Omnes
266 677 409 739 composui.
418 703 454 712 —
463 677 565 725 Felices!
575 693 643 726 nunc
652 695 696 742 ego
706 689 783 727 resto:

162 747 279 804 Confice3
289 762 400 808 namque
409 747 572 793 insertarum
583 748 643 793 mihi
654 749 734 808 triete,
743 749 837 797 Sabella

161 817 238 878 Quod
247 817 441 879 puerocecinit,
451 815 534 863 divini
544 826 612 862 motu
622 830 684 863 enus
695 817 769 864 nemi:

162 906 172 927 «
182 887 258 933 Hunc
265 901 348 948 neque
357 884 409 930 dira
417 901 522 945 venena,
531 901 576 932 nec
584 886 695 932 hosticus
702 886 795 934 auferet
801 888 878 947 ensis,

162 977 172 997 ι
181 956 233 1002 Nec
242 957 351 1002 laterum
361 955 449 1013 dolor,
457 966 501 1001 ent
512 955 598 1013 tussis,
607 971 653 1001 nee
661 955 729 1001 tarda
738 953 856 1018 podagra

160 1044 169 1066 ι
180 1025 304 1071 Garrulus
309 1024 378 1070 ltune
384 1023 483 1085 quando
488 1035 619 1070 consumet
624 1021 878 1086 cumquetloquaecs,

161 1115 171 1134 ι
182 1095 208 1142 Si
217 1094 311 1157 sapiet,
320 1094 397 1151 vitet,
404 1093 479 1140 simul
488 1104 562 1154 atque
572 1093 706 1139 adoleverit
715 1104 779 1140 aetas.
790 1115 800 1134 n
833 1117 836 1120 -

161 1165 273 1210 Ventum
284 1173 336 1208 erat
345 1161 375 1208 ad
385 1165 477 1221 Vestae,
487 1160 574 1225 quartd
584 1161 633 1222 jem
642 1171 711 1224 parte
722 1161 769 1208 diei

160 1229 301 1289 Praeteriti3
311 1242 337 1278 et
346 1247 417 1290 casu,
427 1243 488 1279 tunc
498 1229 646 1292 respondere
656 1230 745 1278 vadato

161 1301 288 1348 Debebat:
299 1301 368 1363 quod
378 1301 406 1346 ni
414 1301 522 1359 fecisset,
531 1300 634 1362 perdere
643 1301 719 1348 litem.

160 1373 187 1418 Si
195 1388 235 1418 me
244 1385 324 1428 amas,
333 1370 429 1432 inquit,
438 1369 541 1433 paulum
550 1369 591 1416 hic
600 1369 663 1418 ades.
671 1399 707 1407 -
715 1373 848 1432 Inteream,
858 1373 878 1420 si

162 1442 217 1488 Ant
225 1441 298 1487 valeo
308 1451 385 1498 sture,
393 1449 436 1486 aut
446 1439 506 1487 novi
515 1439 594 1486 civilia
603 1439 670 1502 jura!

162 1513 192 1558 Et
200 1525 312 1575 propero
322 1510 374 1572 quo
383 1509 438 1556 seis.
447 1537 483 1546 -
492 1508 590 1556 Dubius
600 1525 655 1556 sum
665 1510 726 1574 quid
735 1510 834 1571 luciam,
843 1512 879 1558 in-

251 1590 320 1642 qmt3

162 1651 231 1698 Tene
239 1649 395 1711 relinquam,
409 1663 441 1696 un
449 1663 509 1696 rem.
521 1675 556 1685 -
566 1651 623 1708 Me,
636 1650 714 1696 sodes.
729 1677 763 1686 -
776 1650 835 1698 Non
845 1649 878 1694 fa-

252 1718 328 1776 ciam,
336 1718 385 1764 ille.

164 1788 195 1835 Et
204 1787 343 1851 precedere
352 1788 434 1849 eoepit.
445 1788 510 1851 Ego,
519 1798 549 1835 ut
558 1786 707 1835 contendere
717 1787 807 1834 durum
818 1795 854 1833 est

163 1857 229 1905 Cum
237 1857 345 1915 victore,
352 1871 450 1919 sequor.
460 1885 496 1894 —-
503 1859 623 1904 Maecenas
631 1856 760 1920 quomodo
769 1857 866 1904 tecum?

163 1928 229 1975 Hine
236 1927 334 1990 repetit.
344 1953 380 1962 -
388 1929 528 1997 Paucorum
535 1927 680 1987 hominum,
689 1938 713 1975 et
721 1927 810 1976 mentis
818 1927 879 1974 bene
946 1941 952 1949 ·

252 2013 327 2044 sanae:

165 2069 247 2118 Nemo
257 2063 382 2115 dexteriits
392 2065 493 2114 fortuni
502 2079 539 2115 est
548 2083 616 2115 usus.
627 2097 662 2106 -
670 2069 777 2118 Huberes

164 2140 287 2201 Magnum
297 2135 449 2198 adjutorem,
457 2148 541 2200 posset
550 2139 594 2201 qui
604 2139 666 2187 ferre
674 2141 805 2200 secundas,

163 2207 239 2254 Hune
248 2207 376 2254 hominem
385 2206 459 2254 velles
468 2207 488 2253 si
498 2208 604 2266 trudere3
615 2208 762 2272 dispeream,
772 2211 798 2256 ni

164 2276 320 2326 summosses
331 2291 424 2323 omnes.
434 2303 469 2312 -
477 2276 537 2324 Non
545 2278 593 2324 isto
603 2280 709 2327 vivimus
720 2280 782 2338 illie,

165 2347 226 2407 Quo
235 2357 265 2393 tu
273 2361 340 2405 rere,
349 2345 438 2392 modo:
449 2347 537 2395 domus
546 2347 592 2394 hdo
602 2363 646 2394 nec
655 2350 743 2410 purior
752 2349 803 2394 nlla
812 2358 861 2405 est,
911 2385 912 2389 ,

166 2416 219 2462 Nec
228 2415 303 2478 magis
312 2415 352 2462 his
361 2415 439 2463 aliene
448 2417 529 2463 malis:
539 2417 575 2462 nil
585 2416 620 2462 ml
630 2416 708 2464 officit
717 2432 849 2478 umquam,

166 2485 250 2532 Ditior
259 2485 314 2543 hio,
323 2496 367 2532 ant
375 2495 412 2531 est
421 2487 478 2548 quia
488 2485 597 2533 doctior:
606 2497 643 2532 est
651 2485 720 2532 loeus
730 2485 786 2531 uni·

166 2556 257 2618 cuique
264 2570 333 2601 snus.
342 2581 378 2591 -
384 2556 502 2618 Magnum
510 2571 605 2615 narras,
615 2556 658 2601 vix
665 2554 788 2602 credibile.
795 2581 829 2590 -
837 2556 879 2603 At·

253 2640 297 2686 ‘1¹²¹
621 2671 625 2679 ι

164 2694 204 2741 Sic
214 2692 298 2740 hebet.
308 2719 344 2730 -
353 2693 478 2741 Accendis·
485 2709 559 2757 quare
569 2695 666 2758 cupium
676 2696 751 2760 magis
760 2695 797 2742 illi

165 2762 299 2810 Proximus
306 2779 365 2810 esse.
372 2765 479 2810 -Velis
487 2764 674 2823 tantummod03
682 2781 736 2828 quae
744 2777 786 2812 tua
792 2765 880 2822 virtue,

164 2833 339 2898 Expugnebis:
350 2843 419 2882 otest
429 2833 548 2896 quiriaci
557 2835 647 2896 possit,
656 2850 734 2899 eoque
