2180 3518
212 335 258 394 ηε
372 328 764 394 Q.}101tAT11rLAcor

209 417 327 486 Difficiles
336 418 416 466 aditus
425 421 519 482 primos
528 418 611 466 babet.
620 446 657 455 -
664 418 738 466 Haud
748 417 812 466 mibi
821 416 913 466 deero:

209 488 357 536 Muneribus
366 504 449 536 servos
460 503 631 550 corrumpam
642 503 707 547 non,
715 487 791 536 hodie
800 489 821 535 si

205 557 327 616 ‘Exclusus
337 557 421 618 fuero,
431 557 557 616 desistam
567 569 678 621 tempora
687 573 809 620 quaerum

208 629 342 674 Occurram
351 629 379 674 in
388 629 479 686 triviis3
489 627 617 674 deducam.
630 627 673 674 Nil
682 629 734 674 sine
744 643 834 690 magno

208 697 265 742 Vite
274 693 357 744 labore
366 695 435 744 dedit
444 697 599 745 mortalibus.
610 721 646 732 -—
656 699 714 744 llaec
724 697 785 744 dum
795 697 859 760 agit,
870 709 929 742 ecce

207 769 300 814 Fuscus
310 767 419 814 Aristius
428 769 549 826 occurrit,
558 767 619 814 mihi
629 781 713 825 cerus,
722 778 747 813 et
755 767 828 814 illum

210 836 262 895 Qui
270 836 375 899 pulchre
384 837 474 884 nosset.
489 837 660 886 Consistimns·
675 836 748 884 Unde
757 836 841 886 venis?
851 845 877 882 et

208 905 269 965 Qub
279 905 375 954 tendis?
383 917 466 970 rogat3
474 917 499 954 et
508 905 647 969 respondet.
663 906 759 952 Vellere
768 906 844 968 coepi,

208 975 239 1022 Et
248 992 362 1039 prensare
372 992 448 1023 manu
456 976 591 1024 lentissime
599 974 711 1034 brachiu,
720 986 824 1034 nutans,

207 1045 373 1109 Distorqueus
382 1046 482 1104 oculos,
494 1056 524 1092 ut
534 1061 573 1092 me
582 1045 699 1106 eriperet:
709 1045 771 1092 mele
781 1045 858 1091 salsus

209 1113 303 1161 Ridens
312 1115 476 1162 dissimulare:
486 1131 568 1162 meum
578 1114 648 1175 jecur
656 1129 728 1160 urere
736 1113 800 1160 bilis.

210 1183 281 1230 Certe
290 1185 373 1231 nescio
383 1184 444 1247 quid
454 1195 547 1232 secreto
558 1184 619 1230 velle
628 1184 699 1246 loqui
708 1194 732 1230 te

209 1252 297 1300 Aiebrs
308 1267 412 1300 mecum.
422 1279 457 1290 -
467 1253 571 1300 Memini
580 1253 655 1310 bene;
665 1253 708 1300 sed
718 1251 813 1300 meliori

208 1321 331 1384 Tempore
341 1322 432 1369 dicum:
442 1323 516 1370 hodie
526 1323 646 1370 tricesimu
656 1322 766 1370 subbata:
777 1323 828 1369 vin*
836 1331 866 1368 tu

210 1392 293 1439 Cures
303 1394 319 1436 J
322 1391 396 1438 ndaeis
405 1391 544 1453 oppetiere?
557 1395 581 1442 N
583 1393 632 1440 ulls
643 1393 718 1451 mihi,
728 1393 844 1456 inquam,

209 1459 313 1522 iielligio
323 1471 366 1506 est.
376 1486 411 1494 -
419 1461 454 1507 At
463 1459 510 1508 mi:
520 1477 576 1508 sum
586 1462 662 1525 poulo
670 1461 806 1522 infirmior,
816 1477 885 1508 unus

209 1529 349 1576 Multorum
356 1545 362 1574 t
369 1529 479 1592 ignosces
485 1529 557 1589 relide
564 1532 660 1594 loquar.
668 1559 704 1568 -
710 1533 840 1578 Hunccine
847 1530 928 1578 solem

209 1600 270 1645 Tam
280 1599 379 1662 nigrum
389 1613 490 1646 surrexe
499 1600 573 1648 mihi!
584 1601 650 1663 fugit
658 1601 803 1665 improbus,
812 1617 839 1650 re
850 1595 890 1647 nie

209 1667 261 1715 Sub
271 1669 352 1716 cultro
361 1668 460 1731 linquit.
475 1671 538 1718 Casu
548 1671 616 1718 venit
626 1670 716 1718 obvius
724 1672 761 1718 illi

209 1737 383 1786 Adversarius:
394 1749 431 1797 et,
441 1739 501 1799 Qui>
510 1750 552 1798 tu,
562 1741 719 1803 turpissime?
729 1739 817 1804 magni

209 1807 333 1856 Exclamat
342 1823 415 1866 voce3
426 1818 463 1868 et,
472 1809 539 1856 Licet
547 1811 681 1856 antestari?
687 1811 740 1873 Ego
749 1811 810 1857 verb

210 1880 321 1942 Oppono
330 1877 464 1925 auriculam
474 1894 480 1924 :
489 1879 553 1940 rapit
561 1880 589 1926 in
597 1879 650 1940 jus:
662 1880 754 1926 clamor
763 1879 897 1943 utrinque3

210 1947 327 2010 Undique
338 1963 483 1996 concursus.
497 1949 537 1996 Sic
546 1963 586 1995 ine
594 1951 701 1998 servavit
710 1949 810 2011 Apollo.

219 2103 450 2126 mmm

433 2219 626 2288 SATIRA
658 2223 703 2286 X.

211 2322 333 2408 Neues
342 2360 510 2425 incomposito
520 2365 573 2412 dixi
581 2364 644 2427 pede
653 2381 752 2414 currere
761 2381 849 2413 versus

211 2429 297 2478 Lucili.
312 2431 375 2492 Quis
385 2442 436 2478 tum
445 2434 524 2481 Lucili
534 2434 616 2482 iactor
626 2434 709 2499 inepti
718 2445 768 2494 est,

117 2532 120 2536 -
212 2501 247 2546 Ut
257 2516 310 2547 non
319 2501 368 2548 hoc
378 2501 544 2552 fateaturi’At
553 2503 632 2564 idem,
642 2503 712 2568 quod
721 2504 770 2552 sele
781 2505 863 2551 multo
923 2527 929 2540 ·

212 2569 303 2615 Urbem
315 2569 442 2632 defricuit,
452 2573 535 2620 eberti
544 2573 659 2621 laudatur
668 2573 762 2622 eidem.

211 2637 263 2682 Nec
268 2648 349 2684 tamen
354 2640 403 2687 boc
408 2642 519 2690 tribuens
524 2643 632 2690 dederim
637 2659 740 2706 quoque
745 2654 891 2691 ceterunsm
896 2645 929 2691 sic

211 2706 242 2750 Et
250 2705 336 2752 Laberi
344 2709 446 2770 mimos,
455 2723 484 2759 ut
493 2713 597 2775 pulchre
605 2715 733 2775 pubinum,
741 2713 825 2760 mirer.

212 2774 276 2835 Ergo
285 2789 339 2821 non
346 2777 404 2823 setis
415 2789 451 2824 est
460 2781 512 2827 risu
522 2781 639 2830 diducere
648 2783 741 2829 rictum

212 2841 351 2890 deditoris:
362 2856 387 2892 et
395 2857 432 2894 est
440 2849 552 2911 quaedrm
562 2862 645 2902 temen
652 2851 695 2900 hic
704 2867 808 2916 quoque
817 2853 908 2914 virtus.
