2190 3546
201 280 216 326 8
362 278 395 338 Q.
412 275 588 324 HORATII
605 274 751 338 FLACCI

270 365 337 424 Nos,
345 365 468 428 Agrippa,
477 379 558 427 neque
567 363 619 410 haec
629 362 721 423 dicere,
730 377 776 409 nec
786 376 884 424 gravem

270 431 359 484 Pelidae
368 435 525 482 stomachum
535 433 620 480 cedere
629 435 718 494 nescii,

269 505 321 568 Neo
330 521 417 553 cursus
427 504 532 568 duplicis
542 519 587 567 per
595 519 662 550 mare
671 504 775 568 Uiyxei,

413 575 464 621 Nee
473 590 562 622 saevam
571 574 670 638 Pelopis
679 573 796 633 domum,

271 718 409 775 conamur,
419 727 505 762 tenues
514 715 626 778 grandia:
637 714 698 780 dum
707 714 803 778 pudor,

269 785 427 849 Imhellisque
436 786 495 850 lyrae
504 787 577 850 Musa
586 779 676 849 potens
684 796 751 832 vetat

255 853 364 904 'Laudes
373 856 463 920 egregii
473 857 586 916 Cesaris,
596 867 621 903 et
631 868 698 920 tuas,

411 927 490 990 Calpi
499 927 607 974 deterere
616 925 708 990 ingeni.
801 987 804 992 Ι

269 1069 332 1128 Quis
342 1069 447 1115 Martem
458 1067 542 1116 tunicii
551 1079 645 1116 tectum
654 1063 807 1114 adamantini

269 1139 348 1200 Digne
358 1139 497 1202 scripserit?
507 1149 549 1184 aut
559 1140 663 1201 pulvere
673 1137 749 1184 Tro'r'o

268 1209 375 1272 Nigrum
384 1208 531 1256 Merionen?
540 1218 584 1254 aut
593 1223 640 1272 ope
649 1206 753 1255 Palladis

409 1276 523 1340 Tydiden
530 1277 632 1341 ,Superis
641 1276 741 1340 parem?
829 1319 838 1344 ‚D

267 1417 320 1465 Nos
329 1418 456 1478 convivia,
465 1434 511 1465 nos
521 1418 607 1481 proelia
616 1417 742 1480 virginum

268 1489 345 1536 Sectis
354 1489 381 1535 in
389 1488 493 1550 juvenes
503 1488 629 1550 unguibus
639 1488 746 1548 acrium,

267 1559 412 1618 cantamus,
422 1558 506 1618 vacui,
516 1557 567 1604 sive
577 1557 638 1622 quid
648 1559 758 1618 urimur,
832 1611 836 1624 ,

406 1629 466 1676 Non
474 1639 562 1692 praeter
571 1629 673 1676 solitum
681 1629 756 1676 leves.

204 1792 530 1810 mmwwuwkum

432 1914 544 1980 ODE
575 1915 673 1980 VII.
832 1973 834 1979 .

213 2035 259 2080 ro
272 2033 459 2080 nouanun
472 2033 645 2092 sunnonis,
659 1999 891 2082 consuerunt.

195 2135 405 2222 Luunaaurtu
415 2172 455 2218 alii
465 2173 553 2218 claram
563 2170 687 2231 Rhodon,
696 2183 739 2220 aut
749 2173 900 2238 Mitylenen,

335 2243 388 2289 Aut
397 2241 537 2305 Ephesum,
545 2242 676 2290 bimarisve
686 2243 802 2291 Corinthi

194 2312 300 2372 Moenia,
309 2312 349 2358 vel
358 2312 456 2358 Baccho
465 2311 575 2372 Thebas,
585 2313 626 2360 vel
635 2313 752 2377 Apolline
761 2313 873 2377 Delphos

333 2383 457 2445 Insignes,
465 2394 509 2430 aut
518 2383 633 2431 Thessala
643 2385 745 2447 Tempe.

193 2457 257 2504 Sunt
267 2453 359 2517 quihus
369 2469 450 2500 unum
460 2469 525 2517 opus
535 2464 571 2500 est
582 2453 679 2501 intactae
688 2453 792 2502 Palladis
801 2471 868 2504 arces

334 2523 448 2572 Carmine
456 2535 580 2588 perpetuo
590 2524 725 2586 celebrare,
737 2536 762 2572 et
780 2540 782 2544 ·

193 2593 310 2656 Undique
321 2593 461 2658 decerptam
470 2593 549 2644 fronti
559 2611 703 2659 praeponere
713 2596 812 2644 olivam.
848 2607 851 2614 ’

334 2663 473 2724 Plurimus,
482 2665 509 2711 in
518 2667 534 2710 J
536 2666 627 2712 uuonis
637 2666 773 2726 honorem,

194 2735 290 2798 Aptum
301 2733 360 2780 dicit
370 2735 439 2796 equis
449 2735 543 2797 Argos,
552 2734 665 2797 ditesque
675 2735 799 2798 Mycenas.
829 2741 832 2748 ”

334 2805 377 2850 Me
387 2819 432 2850 nec
442 2815 492 2850 tam
501 2805 596 2868 patiens
605 2804 778 2865 Lacedaemon,

193 2874 244 2922 Nec
255 2885 304 2922 tam
314 2875 413 2922 Larissae
423 2874 546 2939 percussit
555 2889 657 2940 campus
666 2875 769 2940 opimae,
