2190 3546
195 319 227 352 20
355 303 388 366 Q.
406 281 583 353 norsru
601 304 747 353 rrsccr

263 395 381 456 Suspecta
392 394 499 456 Cyrum,
508 410 540 440 ue
550 393 612 440 male
623 393 715 456 dispari

264 465 448 511 lucontinentes
458 464 552 526 injiciat
561 478 664 523 manus,

299 535 330 582 Et
339 533 434 581 scindat
443 534 577 582 haerentem
587 550 705 581 coronam

335 605 465 666 Crinibus,
474 605 672 668 immeritamque
681 614 782 650 vestem.

203 765 899 790 mmmm

340 873 359 924 ’-
398 891 510 957 one
540 865 709 956 xviri.

426 1031 481 1077 An
500 1029 666 1078 VARUM.

195 1132 238 1218 N
244 1187 260 1217 tr
266 1185 323 1219 nrt
329 1188 363 1231 rr,
372 1174 449 1232 Vare,
458 1171 524 1219 sacri
533 1173 584 1219 vite
593 1170 663 1236 pn'irs
673 1171 763 1218 severis
772 1167 885 1215 arborem

196 1242 264 1290 Circa
273 1243 331 1288 mite
341 1242 422 1289 solum
433 1242 545 1302 Tiburis,
555 1253 579 1289 et
590 1243 680 1290 moenia
689 1241 772 1289 Catili:

196 1311 270 1359 Siccis
280 1313 364 1358 omnia
374 1329 431 1360 nam
442 1312 503 1359 dura
512 1315 580 1360 Dens
590 1311 735 1375 proposuit;
746 1325 828 1373 neque

195 1381 324 1430 Mordaces
333 1383 403 1430 aliter
412 1382 550 1445 diffugiunt
558 1381 743 1430 sollicitudines.

197 1454 261 1514 Quis
266 1464 323 1516 post
327 1454 385 1500 vina
391 1469 489 1516 gravem
495 1453 607 1500 militiam
612 1463 655 1500 aut
659 1452 803 1516 pauperiem
808 1450 907 1514 crepat?

133 1571 136 1578 ,
198 1524 262 1584 Quis
266 1539 318 1570 nou
323 1534 347 1570 te
352 1522 445 1587 potiris,
450 1524 544 1570 Bacche
549 1536 627 1588 pater,
632 1535 716 1586 teque,
720 1523 808 1570 decens
813 1519 914 1568 Venus?

197 1595 232 1640 At
240 1611 271 1641 ne
282 1595 338 1657 quis
349 1595 446 1641 modici·
451 1595 682 1642 transiliat'munera
691 1591 782 1652 Liberi,

198 1664 334 1712 Centaurea
343 1669 428 1712 monet
439 1681 501 1712 cum.
506 1660 617 1729 Lapithis
627 1666 680 1712 rixa'
689 1681 763 1729 super
775 1679 844 1711 mero

197 1735 335 1793 Debellata;
346 1746 431 1782 monet
441 1736 560 1783 Sithoniis
571 1753 623 1784 non
632 1737 692 1783 levis
701 1737 791 1794 Evius,

198 1807 285 1866 Quum
295 1805 330 1853 ias
340 1817 414 1869 atque
421 1806 489 1854 nefas
499 1808 590 1870 exiguo
599 1805 649 1854 fine
658 1806 792 1853 libidinum

196 1876 348 1925 Discernunt
357 1877 430 1924 avidi.
440 1879 499 1925 Non
508 1893 555 1940 ego
563 1889 602 1938 te,
612 1877 714 1924 candide
724 1880 854 1933 Bassareu,

196 1948 307 1994 Invitum
324 1949 447 2011 quatiam:
459 1964 505 1995 nec
513 1949 587 1995 variis
598 1948 678 1995 obsita
687 1946 819 1993 frondibus

198 2016 250 2064 Sub
260 2017 347 2064 divum
357 2018 459 2080 rapiam.
471 2019 539 2064 Saeva
549 2029 605 2064 tene
615 2032 672 2062 curn
682 2016 848 2078 berecynthio

198 2087 283 2136 Gornu
293 2097 425 2150 tympana,
436 2101 491 2149 quae
500 2086 662 2148 subsequitur
673 2101 750 2132 caeeus
760 2101 830 2132 amor
839 2085 891 2145 sui,

197 2157 227 2203 Et
237 2157 325 2204 tollens
335 2171 442 2204 vacuum
452 2156 509 2219 plus
519 2157 597 2203 nimio
607 2155 684 2217 gloria
695 2156 826 2215 verticem,

198 2226 338 2290 Arcanique
348 2225 410 2274 fides
421 2226 538 2290 prodiga,
546 2225 696 2289 perlucidior
705 2226 779 2272 vitro.

427 2515 539 2582 ODE
570 2517 686 2582 XIX.

416 2647 697 2704 nnefrrcsns.
750 2637 752 2641 ’

409 2755 460 2838 Μ
469 2807 485 2838 a
492 2809 530 2839 rr
539 2809 554 2840 r
564 2809 627 2842 saeva
636 2793 803 2857 Cupidinum,

271 2860 442 2924 'l'hebanseque
451 2860 523 2924 jubet
531 2881 571 2912 me
581 2865 685 2914 Semeles
694 2880 769 2934 puer,
