2176 3540
208 282 259 346 276
370 281 763 345 Q.floltAT11FnAccl

206 370 250 420 Nil
258 371 373 419 tcutiest.
386 373 449 435 Ergo
459 369 547 434 fungor
555 371 610 418 vice
619 373 695 432 cotis,
704 383 804 420 scutum
852 388 857 394 ·

209 441 321 489 Reddere
330 457 386 506 quss
394 441 487 488 ferrum
496 441 577 502 velet,
587 457 674 490 exsors
683 443 737 506 ipss
747 441 856 490 secandi:

207 513 303 560 Munus
312 522 336 559 et
345 510 470 572 officinm,
481 511 518 560 nii
526 513 636 560 scribens
644 513 712 577 ipsc,
722 513 827 572 doceb03

208 581 281 630 Unde
288 591 407 646 parentur
415 597 476 646 opes
483 599 490 642 ;
498 583 561 648 quid
569 583 617 630 ciat
625 583 767 647 formetque
775 587 890 647 poitum3

208 651 278 712 Quid
288 652 383 713 deceat,
393 653 456 718 quid
464 669 529 713 nou;
539 655 591 718 qud
601 654 694 714 virtus,
703 655 755 718 qud
764 653 825 701 ieret
835 669 920 702 error:

208 721 336 770 Scribendi
344 723 411 772 recti
420 739 505 788 supere
514 735 551 772 est
559 735 585 772 ct
593 725 746 788 principium
754 735 779 771 et
788 723 851 771 ioue.

207 793 271 840 Rem
280 793 327 840 tibi
337 793 467 842 doersticoe
476 805 597 860 poterunt
606 795 736 846 ostendere
745 794 847 842 chortes:

206 863 339 927 Verbaque
347 866 473 929 provisam
482 874 535 913 rem
544 880 598 912 uon
605 866 684 914 invite
693 875 837 930 sequentur.

208 934 261 995 Qui
271 933 357 982 didicit
365 936 451 1000 patries
460 935 523 998 quid
532 935 632 995 debent,
640 946 666 983 et
675 931 738 999 quid
746 936 843 995 amicis,

207 1004 268 1065 Quo
275 1006 397 1053 sitemore
404 1021 505 1070 petens,
512 1021 564 1068 quo
572 1004 646 1056 inter
653 1004 785 1064 emendus,
792 1015 817 1052 et
822 1005 926 1069 hospes,

208 1075 287 1136 Quod
296 1077 329 1124 sit
336 1076 485 1140 conscripti,
494 1075 563 1138 quod
571 1073 662 1137 judicis
672 1074 798 1136 officium,
807 1091 863 1140 quse

149 1163 153 1170 ·
206 1147 290 1193 Partes
299 1147 326 1194 iu
336 1145 430 1194 bellum
440 1147 507 1196 missi
517 1146 599 1204 decisi
609 1146 649 1194 iiic
657 1146 771 1209 proiecti)

206 1216 320 1265 Reddere
328 1231 442 1282 personis
450 1217 496 1265 scit
505 1217 678 1270 convenientia
686 1217 786 1280 cuique.

205 1287 337 1350 Respicere
346 1287 473 1352 exemplu
481 1289 539 1335 vites
547 1301 698 1352 morumque
706 1286 800 1349 jubebo

204 1356 315 1404 Doctum
324 1358 489 1417 imitatorem,
499 1368 524 1405 et
532 1373 602 1404 veris
610 1357 671 1406 hinc
680 1357 770 1405 ducere
779 1373 859 1406 voces.

203 1426 333 1473 Interdum
342 1428 450 1490 speciose
458 1426 520 1474 iocis
530 1438 675 1492 moratique
684 1427 749 1476 recti

204 1495 411 1557 Fnbu1r‚nniiius
420 1498 531 1558 veneris,
540 1498 593 1546 sius
601 1498 712 1562 pondere
721 1509 746 1546 et
754 1509 819 1557 crte,

205 1565 307 1614 Vaidiiis
317 1566 424 1616 obiectat
432 1567 558 1632 populum
566 1567 706 1634 meiidsqus
715 1579 841 1629 moretur,

205 1637 289 1698 Quim
299 1653 385 1686 versus
394 1639 483 1704 inopes
492 1655 589 1700 rerum,
598 1653 722 1704 nngaequc
731 1655 834 1688 cenom.

204 1709 284 1758 Graiis
294 1710 436 1774 ingenium,
445 1711 525 1758 Graiis
535 1709 603 1758 dedit
611 1725 655 1757 ers
663 1709 774 1759 rotundo

204 1781 277 1828 Musa
285 1779 368 1846 loqui,
377 1791 466 1844 praeter
474 1781 572 1830 laudem
581 1780 676 1828 nuliius
684 1781 774 1828 esuis:

204 1850 313 1900 Romani
321 1853 394 1914 pueri
402 1851 482 1916 longis
491 1851 629 1900 rationibus
638 1867 717 1900 msesn

204 1921 311 1969 Discunt
320 1923 346 1968 iu
355 1933 437 1986 partes
446 1934 548 1970 centum
558 1922 683 1972 diducere.
692 1947 728 1960 -·-
736 1921 807 1970 nicar

203 1990 279 2040 Filius
289 1991 388 2053 Albini,
396 1993 417 2040 si
426 1992 457 2040 de
467 1994 608 2057 quincunee
617 2003 713 2043 remote
721 2002 759 2040 cst

203 2061 825 2145 Unciu‚quidsuperst?-Pcteresdixisse‚trisns
830 2063 923 2111 -Ειιέ

203 2131 267 2180 Rem
276 2134 370 2197 poteris
379 2148 475 2180 servare
483 2143 560 2181 tuam.
575 2133 650 2181 Redit
659 2135 746 2195 uncis,
754 2132 816 2199 quid
824 2130 924 2202 iti-3

203 2203 290 2250 seinis.
301 2231 337 2240 —
345 2204 399 2263 An,
408 2203 460 2250 haec
469 2205 565 2252 enimes
576 2219 659 2268 aerugo
669 2215 694 2251 ct
703 2220 762 2252 eure
770 2203 853 2268 peculi

204 2272 292 2333 Quum
302 2274 377 2322 semel
386 2273 518 2334 imbuerit,
528 2289 655 2340 speremus
664 2276 773 2324 mimine
780 2272 841 2337 iiuqi

201 2347 277 2392 Posse
286 2343 385 2392 linenda
394 2345 468 2394 cedro
478 2356 503 2393 et
511 2345 559 2393 levi
569 2343 689 2393 arvandi
698 2343 831 2410 cupresso?

200 2416 255 2462 Aut
264 2415 381 2478 prodesse
390 2416 492 2476 volunt,
501 2427 545 2464 sut
554 2416 686 2476 deiectum,
694 2419 786 2480 posite,

201 2485 255 2531 Aut
264 2486 374 2533 simulet
382 2486 492 2548 jucunde
504 2497 529 2534 et
536 2487 625 2535 itiones
635 2487 716 2536 diocte
725 2487 788 2534 vite.

201 2554 334 2618 Quidquid
342 2558 483 2621 praecipies,
491 2567 544 2606 esto
553 2557 648 2616 brevia
658 2568 689 2604 ut
699 2559 749 2605 citd
760 2556 823 2603 diets

199 2625 340 2689 Percipient
349 2627 425 2674 animi
435 2627 526 2682 dociles
536 2637 684 2690 teneantque
693 2625 791 2676 fideles:
887 2637 889 2644 ’

200 2697 282 2742 Omne
292 2711 473 2758 supervacuum
483 2697 558 2762 piene
567 2698 598 2745 de
606 2709 707 2762 pectore
716 2707 805 2745 manu.

200 2767 266 2813 Ficta
275 2765 411 2827 voluptatis
420 2767 492 2814 causi
503 2769 553 2816 sint
562 2769 676 2832 proxim
686 2769 764 2816 ueris:

199 2837 263 2895 Nec,
273 2835 451 2898 quodcumque
461 2838 539 2896 volet,
548 2850 634 2902 poseat
641 2839 692 2888 sibi
700 2839 782 2888 fabule
790 2837 871 2896 eredi;
