2180 3518
193 293 242 364 ras
328 317 381 377 o.
400 315 578 363 nonam
595 314 746 364 rnaccr

226 405 258 451 Et
266 402 382 466 inquietis
391 402 503 450 adsidens
512 402 667 466 praecordiis,

348 475 440 520 Pavore
449 489 549 520 somnos
559 472 675 520 auferam.

228 545 280 590 Vos
289 542 362 590 turba
371 544 469 590 vicatim
479 544 537 590 hinc
547 553 571 590 et
581 543 640 590 hinc
649 543 713 590 saxis
721 554 807 606 petens

349 613 493 662 Contundet
502 613 619 661 obscenas
628 629 698 660 anus.

227 684 286 730 Post
294 683 418 747 insepulta
427 683 536 730 membra
546 683 660 730 different
669 683 724 746 lupi

349 755 379 800 Et
388 753 519 816 Esquilinae
528 753 608 800 alites:
809 750 812 756 '

227 822 315 888 Neque
323 823 372 872 hoc
382 834 508 886 parentes,
517 823 579 870 heu!
590 823 653 871 mihi
662 822 817 886 superstites!

349 892 471 958 Effugerit
481 894 656 957 spectaculum.

586 1049 898 1074 mmmmm

443 1169 552 1235 ΟΙ)Ε
590 1169 659 1235 VI.

292 1314 335 1360 ru
361 1312 558 1361 cassroM
583 1313 807 1382 seruituti,

325 1383 491 1430 rounam
515 1383 778 1432 nasamonas.

231 1484 332 1596 Quin
341 1523 497 1576 immerentes
506 1523 617 1586 hospites
627 1539 714 1583 vexas,
724 1524 803 1583 mnis,

350 1595 457 1656 Ignarus
467 1593 597 1640 adversum
607 1594 698 1657 lupos?

229 1662 299 1723 Quin
308 1663 358 1711 hnc
368 1663 465 1724 inanes,
473 1665 494 1710 si
502 1675 586 1727 potes,
596 1665 671 1711 vertis
681 1664 773 1722 minas,

349 1736 380 1781 Et
389 1750 428 1781 me
437 1751 606 1782 remorsurum
616 1734 694 1797 petis?

228 1804 305 1863 Nam,
316 1804 395 1868 qualis
404 1815 448 1852 aut
456 1805 583 1852 Molossus
591 1815 634 1851 aut
642 1803 726 1852 sulvus
735 1805 829 1863 Lacon,

350 1875 437 1923 Amica
445 1876 482 1922 vis
491 1874 645 1939 pastoribus,
678 1929 681 1937 Ἰ
827 1889 828 1894 ’

228 1945 306 2010 Agam
314 1962 360 2008 per
369 1947 428 1992 altas
436 1961 495 1993 anre
504 1944 599 1993 sublati
608 1946 690 2004 nives,

351 2017 522 2078 Quaecumque
530 2014 650 2078 pmcerlet
659 2015 717 2061 fera.

227 2085 280 2143 Tu,
290 2100 370 2146 quum
379 2085 487 2132 timendi
497 2101 558 2132 voce
567 2084 696 2148 complesti
705 2099 806 2142 nemus,

350 2154 491 2215 Proiectum
501 2154 611 2203 odoraris
620 2155 714 2201 cibum.

229 2223 305 2283 Cave,
314 2239 384 2283 cave,
393 2239 500 2286 namque
509 2225 534 2271 in
545 2227 622 2274 maios
631 2224 778 2287 asperrimus

350 2297 433 2341 Parata
443 2295 506 2342 tollo
516 2310 621 2342 cornua:

229 2364 315 2423 Qualis
324 2364 451 2427 Lycambae
459 2374 557 2428 spretus
566 2364 644 2412 infido
654 2380 740 2428 gener,

351 2437 403 2482 Aut
413 2451 466 2482 acer
474 2435 553 2480 hostis
563 2435 667 2497 Bupalo.

229 2506 284 2566 An,
293 2506 314 2552 si
323 2507 379 2569 quis
387 2517 441 2552 atro
451 2505 523 2551 dente
533 2521 571 2550 me
580 2505 709 2567 petiverit,

351 2577 450 2634 [nultus
460 2586 488 2624 ut
498 2574 562 2622 flebo
571 2575 649 2638 puer?
723 2593 725 2596 ·
