2180 3518
233 271 243 292 '
287 311 756 374 Q.HORAT111··LACG1‚etc.
830 317 874 362 151

158 402 249 450 Cetera
258 399 290 446 de
299 415 388 463 genere
396 399 458 458 hoc,
466 399 527 447 adeo
537 412 595 447 sunt
605 403 695 460 multa,
704 403 833 466 loquacem

157 471 289 518 Delasnre
297 470 382 516 valent
390 469 500 516 Fabium.
514 471 551 518 Ne
561 482 585 517 te
595 488 687 531 morer,
696 473 754 520 audi

159 542 223 602 Qud
233 555 286 586 rem
296 539 424 590 deducam.
439 541 464 586 Si
474 539 528 602 quia
538 543 617 600 Deua,
627 543 665 588 En
673 559 731 606 ego,
742 543 819 603 dicat,

158 613 218 656 Jam
227 609 314 657 faciam
325 609 394 671 qnod
403 610 490 657 vultis:
501 611 547 657 eris
556 621 597 670 tu,
608 612 651 674 qui
661 612 736 660 ruodo
746 613 827 674 miles,

158 682 297 727 Mercator:
309 690 350 738 tu,
359 680 488 726 consultus
498 681 586 740 modo,
595 679 712 728 rusticus:
723 683 781 730 hinc
791 701 849 743 voe,

160 752 215 797 Vos
225 750 301 808 hinc,
308 750 409 796 mutatis
419 749 533 796 discedite
543 749 663 813 partibus.
676 753 728 798 Fial

162 819 234 880 Quid
242 820 327 866 emtis?
339 817 434 866 Nolint.
449 819 593 882 Atqui-licet
602 835 653 866 esse
661 820 745 868 beatis.

161 888 232 950 Quid
240 891 319 936 cadaae
327 899 365 934 eet
374 890 463 939 merito
473 890 535 952 quin
544 889 591 935 illis
601 891 617 934 J
618 893 718 952 uppiter
727 892 809 939 ambae

161 962 244 1008 Iratus
252 959 342 1005 buccae
351 957 433 1018 iudet,
442 975 523 1021 neque
533 975 559 1005 ee
568 959 621 1005 iore
630 959 733 1021 posthac

161 1031 225 1076 Tam
234 1027 404 1076 facilem'dicat
412 1029 478 1076 votis
488 1039 517 1074 ut
525 1027 633 1090 praebeat
640 1030 741 1075 aurem?

160 1100 292 1157 Praeter'ea,
302 1113 334 1144 ne
343 1098 391 1157 sic,
401 1109 430 1144 ut
440 1099 484 1160 qni
493 1097 623 1159 jocularia,
633 1097 715 1146 rident

160 1170 320 1216 Percurram:
331 1183 480 1230 qumquam
490 1167 611 1215 ridentem
621 1167 700 1215 dicere
709 1185 797 1216 verum

160 1237 234 1300 Quid
242 1238 325 1285 vetat?
336 1249 365 1284 ut
374 1239 457 1301 pueris
466 1238 526 1286 olim
536 1237 596 1285 dant
604 1235 712 1286 crustula
721 1239 806 1286 blandi
852 1285 856 1294 ,

160 1310 297 1367 Doctores,
307 1307 425 1370 elementa
434 1307 511 1354 velint
520 1319 549 1355 ut
558 1308 649 1357 discere
657 1309 748 1372 prima:

160 1377 212 1425 Sed
221 1389 304 1424 tamen
312 1387 396 1425 amoto
406 1373 543 1440 quaeramus
552 1381 612 1426 seria
620 1380 690 1428 ludo.

159 1448 206 1494 Ille
215 1463 314 1511 gravem
323 1447 387 1495 duro
397 1458 485 1494 terram
495 1449 539 1511 qui
548 1451 621 1498 vertit
629 1459 722 1510 aratro,

158 1517 276 1566 Perildue
284 1517 325 1564 hic
335 1533 428 1581 caupo,
438 1519 518 1579 miles,
527 1531 656 1584 nautaeque
665 1535 709 1584 per
718 1536 791 1568 omne

159 1587 277 1634 Audaces
286 1603 352 1634 mare
362 1589 405 1650 qni
412 1599 530 1649 currunt,
540 1589 585 1636 hie
595 1601 676 1638 mente
684 1590 794 1637 laborem

85 1691 88 1694 -
101 1699 106 1702 .
159 1660 220 1706 Sese
229 1657 305 1716 terre,
314 1670 383 1704 senes
392 1659 457 1705 utin
466 1659 515 1706 otia
524 1671 578 1707 tuta
587 1659 713 1718 recedant,

159 1728 256 1785 Aiunt,
266 1743 344 1790 quum
354 1727 401 1774 eibi
409 1729 459 1776 siut
467 1740 581 1793 congesta
590 1729 691 1777 cibaria:
702 1729 767 1774 sicut

159 1797 281 1855 Parvula,
288 1813 346 1844 nam
355 1799 468 1861 exemplo
478 1811 528 1858 ert,
537 1801 618 1862 magni
628 1798 729 1845 formica
737 1795 830 1843 laboris

158 1869 215 1914 Ore
225 1867 300 1914 trahit
309 1868 485 1931 quodcumque
494 1879 590 1932 potest,
598 1880 672 1930 atque
681 1867 749 1914 addit
757 1881 843 1914 acervo

160 1937 249 1996 Quem
258 1938 344 1996 struit,
353 1937 420 1985 haud
429 1938 511 2002 ignara
520 1955 547 1985 ac
556 1954 609 1985 non
617 1939 715 1984 incauta
724 1935 810 1985 futuri.

160 2006 242 2065 Quae,
251 2007 325 2054 simul
333 2009 459 2055 inversum
468 2009 598 2056 contristat
603 2009 729 2071 Aquarius
738 2009 844 2066 annum,

159 2075 224 2122 Non
233 2092 337 2138 usquam
346 2079 470 2141 prorepit,
479 2089 503 2125 et
512 2078 561 2125 illis
570 2080 650 2126 utitur
659 2079 714 2126 ante

159 2145 281 2205 Quaesitie
289 2147 396 2209 capiens:
407 2164 486 2210 quum
497 2159 521 2194 te
530 2149 730 2212 nequevlervidns
740 2160 813 2196 aetus

159 2215 295 2262 Dimoveat
304 2217 387 2276 luero,
397 2233 478 2280 neque
487 2218 580 2278 hierus,
591 2219 667 2284 ignis,
679 2235 756 2278 mare,
768 2219 873 2274 ferrum3

160 2283 208 2332 Nil
217 2283 298 2332 obstet
307 2285 366 2346 tibi,
375 2286 435 2333 dum
446 2304 477 2335 ne
488 2289 519 2335 eit
529 2298 552 2336 te
563 2289 638 2336 ditior
646 2289 716 2335 alter.

160 2353 235 2414 Quid
242 2354 312 2416 juvat
321 2356 470 2404 immensum
479 2369 503 2404 te
513 2359 606 2421 argenti
615 2358 716 2421 pondus
725 2367 749 2404 et
757 2357 812 2402 auri

158 2425 259 2471 Furtim
269 2424 363 2477 defossi
374 2427 491 2474 timidum·
499 2423 622 2490 deponere
632 2426 710 2473 terri?
718 2452 753 2462 -

160 2493 254 2554 Quod,
263 2497 284 2541 ei
292 2497 459 2555 comminuas,
468 2496 542 2543 vilem
552 2495 678 2558 redigatur
686 2493 717 2540 ad
726 2509 809 2540 assem.
818 2521 853 2530 -

158 2564 211 2622 Ar,
220 2563 278 2611 niid
284 2563 326 2625 fit,
335 2565 397 2628 quid
403 2566 478 2613 hahet
486 2566 585 2630 pulchri
595 2574 752 2611 constructus
760 2565 875 2612 acervus?

158 2633 241 2680 Millia
250 2631 423 2682 frumenti'tna
433 2637 529 2683 triverit
538 2651 592 2682 area
600 2645 714 2693 centum;

158 2703 187 2750 N
188 2719 221 2750 on
230 2714 289 2752 tune
298 2705 348 2752 hoe
358 2707 440 2768 capiet
446 2716 532 2752 venter
540 2707 598 2769 plue
608 2704 682 2768 quim
694 2721 774 2753 meus:
785 2717 827 2767 ut,
836 2707 856 2754 si

157 2774 306 2822 Reticulum
315 2776 386 2839 pauit
396 2777 493 2823 venales
502 2776 566 2822 inter
576 2786 667 2823 onusto

158 2844 233 2894 Furti
243 2845 319 2892 vehar
330 2845 449 2906 humero,
457 2845 537 2893 nihilo
546 2846 602 2908 plue
610 2847 713 2910 accipiar
723 2842 797 2909 quim
