2176 3540
178 315 229 352 ιω
340 299 734 368 Q.ttottAT11ttlcct

177 393 306 456 integrum
315 394 425 457 perdunt
433 394 486 440 lino
495 394 582 440 vitiata
591 409 713 456 saporem.

177 464 323 512 Surrentina
332 463 400 512 vafer
409 464 453 527 qui
464 464 550 513 miscet
559 463 617 512 faece
627 461 727 511 Falerni

176 533 254 592 vina,
263 534 410 584 columbino
418 535 508 582 limum
516 534 580 582 bene
589 533 685 598 colligit
692 548 755 592 ovo3

177 604 309 665 Quatenus
318 606 367 654 ima
377 605 441 670 petit
450 606 555 653 volvens
564 605 643 652 aliena
652 603 760 651 vitellus.

177 676 259 722 Tostis
269 687 417 724 marcentem
427 676 523 740 squillis
532 675 652 723 recreabis
664 685 689 721 et
698 671 759 722 stri

176 746 293 794 Potorem
303 747 416 806 cochlei;
427 763 485 794 nam
495 747 590 794 lactuca
598 746 694 793 innatat
703 745 754 792 acri

175 817 235 864 Post
244 819 332 865 vinum
342 817 484 867 stomacho:
494 815 571 882 perui
581 816 657 880 magis
666 831 693 863 ac
703 815 780 881 magis
788 813 857 863 hillis

176 885 280 950 Flagitat
289 889 317 936 in
327 905 425 938 morsus
434 887 516 946 retici,
526 887 588 951 quin
598 887 680 935 omnia
692 887 774 948 malit,

176 956 349 1024 Quaecumque
359 959 495 1008 immundis
504 958 601 1006 fervent
609 957 676 1006 illata
684 958 794 1022 popinis.

176 1027 219 1076 Est
230 1045 311 1093 operae
320 1031 434 1095 pretium
440 1029 546 1094 duplicis
555 1044 702 1092 pernoscere
710 1027 773 1090 juris

176 1097 311 1148 Naturam:
321 1101 428 1165 simplex
437 1117 450 1148 e
461 1101 528 1148 dulci
538 1109 636 1147 constat
646 1099 727 1160 olivo,

178 1169 257 1231 Quod
266 1172 355 1236 pingui
365 1172 465 1219 miscere
477 1186 545 1218 mero
555 1168 684 1234 murlhqpe
694 1161 805 1231 decebit,

176 1239 237 1288 Nou
246 1241 291 1290 alia
302 1241 377 1306 quim
387 1241 436 1306 qui
445 1241 561 1305 Byzantia
569 1241 670 1304 putruit
679 1255 744 1302 orca.

176 1310 232 1358 Boc
242 1312 287 1359 ubi
295 1312 430 1361 confusum
439 1312 512 1359 sectis
520 1309 641 1359 inferbuit
649 1309 747 1370 herbis,

177 1381 334 1446 Corycioque
343 1398 417 1430 croco
426 1398 538 1446 sparsum
548 1381 630 1441 stetit,
640 1382 743 1446 insuper
752 1380 828 1430 addes

176 1453 262 1500 Pressa
270 1451 416 1500 Venafranae
425 1451 495 1516 quod
504 1452 578 1500 bacca
587 1451 681 1500 remisit
692 1453 772 1502 olives.

175 1522 274 1572 Picenis
282 1522 375 1571 cedunt
383 1524 466 1589 pomis
474 1523 589 1572 Tiburtia
599 1539 686 1584 sncc03

176 1592 242 1643 Nam
252 1594 313 1644 facie
322 1606 447 1659 praestant.
460 1593 591 1642 Venucula
600 1595 719 1644 convenit
728 1595 797 1655 ollis3

176 1664 279 1715 Rectius
288 1665 410 1714 Albanam
420 1665 491 1714 fumo
501 1665 630 1714 duraveris
642 1681 726 1714 uvam.

177 1735 247 1786 lianc
256 1754 301 1802 ego
310 1753 369 1794 cum
379 1737 463 1797 malis,
471 1752 517 1802 ego
527 1737 612 1785 faecem
620 1737 717 1800 primus
727 1747 752 1785 et
760 1735 843 1798 halec,

176 1808 277 1858 Primus
286 1818 311 1856 et
320 1809 435 1858 invenior
444 1809 516 1873 piper
525 1807 623 1868 album,
632 1823 691 1856 cum
701 1808 750 1856 sale
758 1807 831 1872 nigro

176 1879 317 1940 lucratum,
326 1880 397 1944 puris
406 1879 614 1944 circumposuisse
623 1879 720 1926 catillis.

177 1949 289 1998 immane
298 1962 334 1999 est
343 1951 434 2002 viuum
445 1951 501 1999 dare
510 1950 585 2002 millia
595 1959 664 1996 terna
674 1948 790 2008 macello,

176 2019 342 2084 angustoque
351 2036 427 2084 vagos
436 2021 515 2085 pisces
525 2037 613 2084 urgere
622 2021 713 2073 cauno.

176 2089 269 2152 stagna
278 2101 363 2137 movet
372 2091 502 2139 stomacho
512 2089 623 2150 fastidia,
634 2107 679 2139 seu
687 2104 751 2155 puer
760 2089 842 2140 unctis

175 2160 300 2208 Tractavit
309 2160 410 2212 calicem
420 2159 534 2208 manibus
544 2161 606 2212 dum
616 2159 682 2210 furta
690 2161 803 2226 ligurrit}

175 2230 233 2278 Sive
242 2231 322 2294 gravis
331 2231 409 2279 veteri
418 2241 517 2280 craterae
526 2233 602 2280 limus
611 2233 724 2288 adhaesit.

175 2300 276 2352 vitibus
284 2302 311 2348 iu
320 2302 416 2366 scopis,
424 2303 452 2350 in
461 2305 570 2367 mappis,
580 2304 608 2351 in
616 2303 704 2363 scobe,
714 2311 833 2366 quatum

176 2371 295 2421 Consistit
304 2375 435 2436 sumptus?
444 2373 575 2435 neglectis,
585 2373 707 2439 flagitium
715 2375 810 2438 ingens.
854 2436 857 2440 ¹

115 2485 117 2492 .
175 2444 237 2492 Teu'
246 2443 340 2509 lapides
350 2445 431 2494 varios
440 2443 564 2492 lutulenti
573 2444 658 2493 radere
666 2443 760 2509 pahni,
881 2441 883 2447 ’

175 2515 207 2561 Et
216 2517 303 2580 Tyrias
312 2515 369 2564 darc
378 2516 473 2564 circum
481 2515 552 2564 illota
562 2516 650 2564 toralia
659 2527 755 2574 vestes,

175 2584 290 2634 Oblitum
301 2588 396 2650 quanto
405 2602 490 2636 curam
500 2596 682 2650 sumptumque
691 2586 815 2636 minorem

174 2655 233 2702 Haec
242 2655 362 2717 habeant,
371 2659 441 2710 tanto
449 2657 566 2722 reprendi
573 2654 666 2720 justius
675 2657 725 2705 illis

175 2725 240 2786 Quae
248 2725 296 2773 uisi
306 2727 427 2778 divitibus
434 2739 561 2791 nequeant
570 2729 716 2792 contingere
725 2725 833 2774 mensis?

447 2813 512 2846 noa
520 2813 628 2846 ir1us.

174 2867 254 2914 Docte
264 2865 332 2938 Cati,
342 2881 387 2930 per
395 2867 528 2915 amicitiam
536 2869 666 2932 Divosque
675 2877 791 2932 rogatus,

173 2937 271 2988 Ducere
280 2951 321 2986 rue
330 2935 457 2998 auditum,
466 2952 553 3004 perges
561 2939 739 3004 quocumque,
748 2948 882 2987 memento.
