2176 3540
356 265 607 318 SATIRARUM
624 268 699 317 LIB.
717 270 755 317 11.
866 286 916 333 noo

186 361 274 410 siccat
282 356 420 422 inaequales
430 357 516 406 culices
525 357 631 404 convive
638 389 647 418 ,
653 357 752 406 solutus

186 431 301 496 Legibus
310 429 416 478 insanis:
426 444 471 476 seu
480 428 537 491 quie
546 429 612 492 cepit
623 429 686 476 acrio
695 429 768 478 fortis

186 501 297 562 Pocula,
306 516 352 548 seu
361 499 469 548 modicis
477 499 573 548 uvescit
581 497 670 549 lartius.
684 500 750 565 Ergo

189 577 280 622 Sermo
286 571 386 632 oritur,
394 587 449 620 nou
457 570 488 619 de
499 570 565 618 villis
575 570 723 619 domibusve
732 571 832 632 alienis,

189 644 245 692 Nec
256 643 320 692 mule
329 657 408 690 neom
417 645 499 706 Lepos
508 642 579 690 saltet
586 658 591 689 :
599 642 656 702 sed,
665 642 735 706 quod
741 643 821 708 magis
829 641 861 692 ad
870 657 918 692 nos

188 715 305 764 Pertinet
314 724 340 761 et
348 714 443 762 nescim
450 714 545 761 mulum
554 723 605 772 est,
614 713 746 777 agitamus:
756 725 877 764 utrum
928 759 931 766 .

190 786 295 834 Divitiis
306 784 438 844 homines,
446 799 478 832 an
488 785 539 834 sint
547 784 642 832 virtute
653 783 731 843 berti3

193 854 295 919 Quidve
306 855 338 902 ud
346 856 478 915 amicitias,
488 871 549 904 urus
558 865 702 914 rectumne,
712 854 794 904 trahat
802 871 864 915 noe;

191 928 238 988 Et,
248 943 305 990 quse
313 927 346 974 sit
354 937 445 974 natura
451 925 527 984 Βοιὼ
538 941 717 988 summumque
725 925 790 990 qnid
797 924 860 988 ejus.

166 1029 171 1042 .
193 999 299 1048 Cervius
306 997 359 1046 haec
367 997 433 1045 inter
439 997 539 1045 vicinus
547 996 623 1061 garrit
631 995 708 1044 aniles

185 1071 230 1117 Ex
238 1085 265 1116 re
275 1067 383 1116 labellus.
396 1068 460 1116 Nam
469 1067 557 1132 siquis
565 1065 651 1114 laudat
658 1065 738 1114 Arelli

195 1139 318 1189 Sollicitas
327 1139 428 1202 ignarus
438 1155 512 1203 opes,
519 1138 555 1186 sic
564 1137 665 1202 incipit:
674 1163 710 1174 -·-
719 1137 788 1186 Olim
800 1132 807 1146 '¹

195 1211 316 1260 Rusticus
325 1209 451 1258 urbanum
460 1225 559 1258 muron
569 1209 626 1256 mus
634 1223 745 1273 paupere
754 1207 835 1256 futur

194 1281 327 1346 Accepisse
335 1295 410 1342 osvo,
417 1292 528 1329 veterem
537 1289 610 1328 vetus
619 1279 711 1344 hospes
721 1279 843 1340 amicum

194 1352 276 1416 Asper
285 1361 310 1399 et
319 1362 430 1400 attentus
440 1351 564 1416 quaesitis,
574 1362 604 1400 nt
612 1361 696 1399 tumen
707 1359 804 1399 arctum

194 1423 309 1471 Solveret
316 1422 435 1486 hospitiis
444 1423 563 1470 enimam.
577 1421 648 1484 Quid
657 1422 752 1470 multa?
760 1437 844 1487 neque
853 1419 894 1468 ilie

195 1493 304 1558 sepositi
312 1493 412 1554 ciceris,
420 1509 469 1541 uec
476 1494 556 1558 longae
567 1492 659 1542 invidit
668 1509 763 1542 urente:

193 1563 302 1612 Aridum
311 1573 337 1612 et
347 1580 390 1613 ore
399 1563 480 1612 ferens
489 1564 601 1625 acinum
610 1579 753 1628 semesaque
762 1561 826 1611 lardi

194 1638 282 1684 Frusta
290 1633 361 1682 dedit
368 1667 376 1696 ,
383 1635 486 1698 cupiens
495 1633 562 1684 varii
571 1633 669 1682 fastidia
678 1633 748 1682 coeni

194 1707 300 1754 Vincere
311 1706 434 1770 tangentis
444 1702 506 1752 mali
516 1705 612 1768 singula
624 1704 697 1751 dente
707 1702 829 1767 superbo:

195 1777 285 1840 Quum
294 1785 364 1840 pater
372 1777 425 1840 ipse
435 1773 525 1824 domis
534 1773 604 1840 pilei
612 1772 743 1838 porrectus
752 1773 780 1818 in
788 1768 869 1818 borni

195 1847 267 1896 Esset
276 1846 339 1895 ador
346 1845 503 1910 loliumque,
513 1845 582 1910 dapis
593 1845 695 1892 meliora
704 1843 858 1905 relinquens.

196 1917 308 1966 Tandem
318 1916 430 1966 urbanus
439 1916 561 1976 adhunc,
570 1912 763 1978 Quidteiuvat,
773 1912 871 1979 inquit,

282 2003 373 2048 amice,

197 2059 321 2123 Praempti
329 2058 439 2108 nemoris
448 2057 583 2122 patientem
593 2057 677 2106 rivere
688 2055 780 2105 dorso?
825 2099 826 2103 ,

195 2129 241 2178 Vis
251 2140 281 2178 tu
288 2129 404 2178 homines
414 2128 554 2194 urbemque
563 2128 622 2178 feris
630 2143 777 2194 preponere
788 2126 876 2175 silvis?

197 2201 275 2266 Carpe
284 2201 365 2262 viam,
373 2200 437 2248 mihi
445 2199 531 2259 oredo,
540 2215 637 2262 comes,
648 2199 772 2248 terrestria
782 2198 884 2262 quaudo
951 2253 954 2258 ,

196 2272 314 2320 Mortales
324 2272 417 2320 animes
426 2271 519 2320 vivunt
528 2271 628 2332 sortita,
638 2286 722 2335 neque
732 2269 784 2318 ulla
793 2279 830 2318 est

197 2345 250 2390 Aut
259 2357 350 2406 magno
359 2351 404 2391 aut
412 2357 490 2406 parvo
500 2341 562 2390 lethi
572 2341 630 2406 luga
639 2359 645 2389 ι
655 2357 721 2406 qno,
729 2339 808 2399 bone,
818 2340 895 2400 circu,

183 2443 188 2454 ·
198 2414 265 2465 Dum
276 2413 346 2473 licet,
355 2414 382 2461 in
391 2412 466 2462 rebus
475 2411 593 2475 jucundis
603 2412 659 2458 vive
667 2411 768 2467 beatus3

198 2485 262 2532 Vive
271 2500 368 2532 memor
379 2481 455 2548 quim
464 2483 497 2532 sis
505 2483 553 2531 tevi
560 2481 651 2530 brevis.
663 2481 722 2528 Haec
731 2477 776 2526 ulti
786 2477 850 2527 dicta

199 2555 328 2619 Agrestem
338 2555 472 2620 pepulere,
484 2553 561 2605 domo
569 2551 632 2601 levis
641 2551 724 2599 exilit:
734 2547 793 2598 inde

198 2625 284 2674 Ambo
294 2627 457 2691 propositum
465 2634 590 2691 peragunt
597 2624 658 2684 iter,
670 2620 740 2670 urbis
749 2631 851 2671 aventes

198 2697 292 2752 Moenia
300 2697 421 2746 nocturni
430 2695 571 2761 subrepere.
586 2697 602 2742 J
603 2709 693 2760 amque
703 2693 803 2744 tenebat

198 2767 259 2816 Nox
267 2767 378 2832 medinm
387 2767 442 2816 coeli
451 2768 574 2832 spetiem,
584 2781 664 2831 quum
674 2766 747 2832 ponit
756 2777 864 2830 uterque

200 2839 230 2885 In
238 2839 368 2904 locuplete
376 2838 453 2888 domo
464 2839 565 2905 vestigia
573 2855 581 2901 ;
589 2837 669 2888 rubro
678 2837 723 2887 uhi
734 2852 809 2886 cocco

280 2928 283 2935 ’
777 2907 815 2952 18.
