2176 3540
167 307 214 353 ¹92
324 287 717 351 Q.HORAT11FLACCI

163 379 277 424 Alterum
286 389 310 424 et
319 378 378 424 huic
388 378 497 435 varium,
508 388 533 424 et
542 376 621 444 nihilo
631 376 779 438 sapientius,
789 375 860 437 ignes

164 449 209 494 Per
219 445 313 495 medios
321 446 460 509 fluviosque
470 447 573 493 ruentis.
588 445 681 494 Clamet
690 446 767 492 amica

163 519 255 576 Mater,
264 516 366 563 honesta
376 533 459 575 soror,
469 531 527 563 cum
537 517 659 580 cognatis,
668 527 751 578 pater,
761 529 838 561 uxor:

164 586 209 633 Hic
218 583 281 632 fossa
291 597 327 632 est
336 587 433 648 ingens!
446 586 487 633 bie
496 603 571 650 rupes
582 587 698 632 maxima!
711 587 790 630 serva!

163 657 222 703 Non
231 656 306 718 magis
316 655 433 714 audierit,
445 655 520 718 quim
531 656 617 704 Fusius
627 655 711 701 ebrius
720 654 793 712 olim,

164 725 251 784 Quum
260 725 363 772 Ilionam
373 726 493 785 enormis,
503 725 609 774 Catienis
619 724 685 770 mille
695 723 820 781 ducentis,

164 816 174 836 ι
185 796 276 855 Mater,
286 807 309 842 te
319 795 416 858 appello
426 817 449 855 ιι,
461 795 631 842 clamantibus.
644 795 710 841 Huic
719 809 764 857 ego
774 793 879 856 vulgum

163 864 247 912 Errori
257 865 360 912 similem
369 875 488 912 cunctum
498 865 603 910 insanire
614 863 715 911 docebo.

164 934 259 981 Insanit
269 945 363 982 veteres
374 945 465 982 statuas
474 935 639 996 Damasippus
648 932 762 980 emendo.

163 1006 260 1067 Integer
270 1015 306 1050 est
316 1006 404 1051 mentis
413 1003 554 1066 Damasippi
564 1003 687 1050 creditor?
700 1003 771 1049 Esto:

165 1074 255 1136 Accipe
265 1074 334 1136 quod
343 1089 479 1136 numquam
488 1073 574 1120 reddas
583 1073 658 1131 mihi,
667 1073 688 1118 si
697 1071 742 1118 tibi
752 1071 843 1128 dicam;

165 1145 236 1190 Tune
246 1143 346 1190 insanus
357 1144 404 1189 eris
413 1145 433 1190 si
444 1143 576 1206 acceperis,
585 1159 617 1188 an
628 1143 703 1205 magis
712 1157 798 1188 excors

164 1211 263 1273 Reiecti
270 1212 354 1278 praedii
364 1211 439 1275 quim
447 1207 553 1276 praes'ens
563 1213 703 1258 Mamurius
714 1211 777 1258 fert?

165 1281 248 1329 Scribe
259 1282 343 1330 decem
353 1299 367 1329 a
376 1284 464 1330 Nerio:
476 1293 574 1329 nonest
583 1283 653 1338 satis;
664 1281 725 1328 adde
735 1281 827 1329 Cicutae

165 1351 261 1398 Nodosi
270 1351 365 1398 tabulas
372 1363 486 1408 centnm3
499 1351 565 1398 mille
574 1351 635 1398 adde
645 1361 754 1398 catenas:

163 1420 271 1482 Effugiet
280 1432 363 1467 tamen
372 1421 423 1468 lraeo
433 1421 563 1468 sceleratus
572 1421 670 1471 vincula
680 1423 792 1468 Proteus.

165 1491 252 1549 Quum
263 1491 341 1552 rapies
350 1489 377 1535 in
385 1489 426 1550 jus
437 1490 505 1538 malis
515 1490 636 1538 ridentem
647 1491 745 1549 alienis,

164 1559 216 1606 Fiet
220 1559 363 1620 apenmodd
367 1560 503 1620 atimmodd
508 1571 717 1622 mummuqnum
722 1559 880 1617 volet‚arbor.

165 1629 191 1678 si
201 1628 262 1675 mali
272 1644 324 1676 rem
333 1643 415 1690 gerere
424 1631 504 1676 insani
513 1641 561 1688 est3
571 1629 657 1678 contri
667 1630 742 1688 bene,
753 1631 820 1676 sani:

132 1705 136 1714 ’
164 1697 279 1747 Putidius
289 1698 369 1748 multd
379 1699 507 1748 cerebrum
517 1711 567 1759 est,
576 1699 730 1759 mihicrede,
739 1699 835 1760 Perilli,

164 1770 285 1816 Dictantis
294 1769 363 1832 quod
373 1779 401 1816 tu
409 1785 546 1832 numquam
557 1770 688 1817 rescribam
696 1771 784 1833 possis.

165 1839 272 1897 Audire,
277 1850 355 1906 ⁴atquc
364 1851 445 1903 togam
455 1838 531 1900 jubeo
540 1855 702 1903 componere,
711 1839 824 1903 quisquis

164 1908 308 1958 Ambitione
318 1908 379 1956 mali
389 1920 432 1956 ant
440 1911 533 1972 argenti
542 1909 616 1972 pallet
625 1923 720 1968 amore,

166 1979 287 2040 Quisquis
296 1978 407 2038 luxurii,
417 1979 512 2026 tristive
521 1980 709 2041 superstitione,

167 2051 218 2094 Aut
228 2047 275 2094 alio
284 2048 374 2094 mentis
383 2048 472 2094 morbo
481 2049 554 2106 calet;
563 2049 614 2094 bno
621 2049 727 2111 propius
736 2063 789 2107 me,

164 2119 232 2164 Dum
244 2115 321 2162 doceo
330 2116 436 2162 insanire
446 2133 544 2177 omnes,
553 2133 597 2164 ros
608 2119 695 2166 ordine
704 2115 777 2164 adite.

164 2183 251 2232 Danda
260 2194 297 2230 est
306 2184 405 2232 ellebori
414 2186 494 2233 multb
504 2203 559 2250 pars
569 2188 675 2236 maxima
683 2188 773 2234 avaris:

164 2253 254 2304 Nescio
263 2268 295 2298 an
303 2255 447 2318 Anticyram
456 2256 517 2304 ratio
527 2257 574 2303 illis
583 2256 688 2304 destinet
698 2271 806 2304 omnem.

165 2322 277 2371 Haeredes
287 2321 381 2370 Staberi
390 2341 511 2373 summam
520 2325 626 2372 incidire
636 2319 761 2388 repulit-o:

164 2395 198 2442 Ni
207 2393 240 2440 sic
250 2391 376 2453 fecissent,
385 2395 547 2458 gladiatorum
557 2395 613 2442 dare
623 2407 724 2443 centnm

164 2464 279 2512 Damnati
287 2465 382 2528 populo
390 2465 471 2527 paria,
481 2476 555 2526 atque
564 2465 667 2527 epulum
677 2465 779 2512 arbitrio
788 2463 860 2523 Arri,

164 2534 292 2581 Frumenti
302 2533 423 2596 quantiam
433 2535 503 2582 metit
512 2534 602 2581 Africa.
616 2535 673 2582 Sive
682 2533 825 2598 agomari,
871 2551 875 2560 ·

165 2605 213 2649 Seu
223 2603 299 2660 recti,
308 2603 357 2650 hoo
366 2604 448 2663 volui,
458 2619 488 2651 uc
498 2605 530 2650 sis
538 2614 643 2666 patruus
655 2604 724 2650 mihi.
739 2603 820 2652 Credo

164 2673 218 2717 lloc
226 2671 319 2718 Staberi
325 2673 472 2733 prudentem
479 2675 588 2720 animum
596 2673 733 2720 vidisse-
740 2672 810 2733 Quid
818 2689 879 2736 ergo

165 2738 258 2796 Sensit,
268 2755 346 2800 quum
356 2755 476 2789 summam
486 2742 621 2805 patrimoni
629 2743 768 2806 insculpere
777 2757 839 2789 saxo

164 2806 275 2856 Heredes
285 2808 380 2858 voluit?
388 2837 423 2848 --
433 2811 524 2873 Quoad
533 2813 608 2874 uixit,
617 2811 721 2861 credidit
729 2812 816 2875 iugens
828 2812 831 2818 '
