2180 3518
151 283 198 328 152
306 279 704 340 Q.}{01tAT11FLACCI

148 369 200 428 Qui
209 365 244 414 nii
252 365 364 430 portirit.
380 365 426 413 Vel
436 365 488 430 dic,
498 364 559 430 quid
568 365 657 412 referat
665 367 730 414 intra

147 435 318 486 Naturaeflnes
327 436 433 496 viventi,
443 435 527 499 jugera
536 446 650 495 centum,
660 451 691 483 an

147 507 324 562 Milleareti—
329 507 361 553 Ar
370 521 444 552 suave
451 516 489 552 est
495 521 526 552 ex
533 521 622 568 magno
630 505 715 552 tollere
722 521 818 554 acervo.
824 535 861 543 -

147 579 214 624 Dum
224 593 256 624 cx
263 592 341 640 parvo
350 575 422 625 uobis
432 574 587 626 tantumdem
596 575 694 624 haurire
704 575 842 640 relinquas,
871 579 880 592 ⁰

147 649 198 694 Cur
207 657 250 693 tua
258 647 315 709 plue
323 645 408 692 laudes
417 645 523 694 cumeris
532 646 641 708 granaria
650 645 756 693 uostris?

104 763 108 768 ,
148 719 195 775 Ut,
205 716 250 762 tibi
259 717 279 762 si
289 717 321 762 sit
330 732 395 780 opus
405 713 494 779 liquidi
502 731 556 763 nou
565 715 670 781 amplius
680 713 756 775 urui,

147 786 194 832 Vel
203 785 306 850 cyatho,
315 797 340 833 et
350 785 426 836 dieas:
437 787 528 850 Magno
537 785 567 834 de
578 784 681 836 flumine
691 785 800 845 mallem,

114 875 123 882 ·
148 855 232 916 Quim
242 872 273 902 ex
281 856 330 904 hoc
340 855 462 908 fonticulo
472 855 627 906 tantumdem
636 849 741 904 sumere.
755 857 791 904 Εὸ
800 853 830 902 iit

146 926 246 972 Plenior
256 936 285 972 nt
294 926 314 972 si
324 942 387 994 quos
397 924 499 972 delectet
508 925 579 991 copia
587 924 669 988 justo,

148 995 212 1044 Cum
222 995 275 1058 ripi
284 995 358 1048 simul
366 995 464 1042 avulsos
473 994 534 1043 ierat
543 989 652 1044 Aufidus
661 1010 722 1044 acer.

148 1064 183 1112 At
193 1065 237 1128 qui
246 1065 343 1112 tantulo
354 1074 408 1130 eget
416 1074 510 1127 quanto
520 1075 557 1116 ,est
566 1081 643 1131 opus,
651 1063 673 1111 is
682 1079 764 1132 usque
773 1063 834 1116 limo

148 1135 283 1182 Turbatam
288 1136 464 1198 hauritaquaru
465 1167 476 1198 ,
483 1149 564 1198 neque
569 1135 645 1184 vitam
650 1133 741 1186 amittit
746 1135 773 1184 iu
777 1133 860 1184 undis.

147 1205 183 1252 At
191 1205 257 1252 bona
265 1221 321 1267 pars
330 1205 463 1256 hominum
473 1199 574 1275 decepta
583 1203 699 1271 cupidius
708 1203 782 1263 falso,

148 1275 190 1321 Nil
200 1275 258 1322 satie
266 1286 316 1333 est,
325 1275 419 1344 inquit3
429 1275 486 1338 quia
496 1275 570 1334 tanti,
579 1285 701 1338 quantum
709 1273 810 1334 habeas,
820 1274 861 1323 sis.

149 1343 219 1404 Quid
227 1343 299 1390 facias
308 1343 359 1390 illi?
367 1343 453 1406 J'ubeae
463 1343 580 1396 miserum
590 1360 654 1403 esse,
663 1343 768 1394 libenter
864 1389 868 1396 ,

149 1414 279 1473 Quatenus
288 1413 314 1459 id
324 1413 393 1460 facit:
405 1425 435 1463 ut
444 1413 546 1478 quidam
556 1424 707 1468 memoratur
715 1413 837 1474 Athenis,

148 1481 268 1530 Sordidus
278 1499 305 1530 ac
315 1483 395 1542 dives,
405 1483 493 1552 populi
502 1495 661 1534 contemnere
671 1499 744 1534 voces
828 1518 830 1524 .

114 1573 118 1582 ·
149 1552 188 1600 Sic
197 1553 297 1600 solitus:
307 1553 419 1618 Populus
429 1570 468 1600 mc
478 1553 572 1613 sibilat;
581 1565 605 1604 at
615 1551 681 1604 mibi
686 1553 778 1620 plaudo

147 1625 203 1684 lpse
213 1621 293 1682 domi,
303 1623 379 1674 simul
389 1639 416 1670 ac
426 1640 543 1672 nummos
551 1624 710 1687 contemplor
718 1623 745 1674 iu
755 1621 818 1676 arcti.

149 1692 265 1740 Tantalus
274 1693 371 1746 alabris
380 1694 465 1740 sinens
475 1693 594 1756 fugientia
602 1703 683 1756 captet

148 1762 269 1811 Flumina.
284 1763 353 1826 Quid
362 1763 442 1811 rides?
452 1774 548 1811 mutato
558 1764 659 1813 nomine
669 1762 698 1811 de
708 1774 732 1816 te

148 1833 239 1880 Fabula
248 1845 372 1882 narratur:
382 1833 504 1897 congestis
514 1833 625 1900 undique
635 1833 708 1886 saeuit

148 1902 271 1950 indormis
280 1904 390 1967 inhians,
400 1915 424 1950 et
434 1914 559 1968 tamquam
568 1919 667 1969 paruere
678 1903 749 1956 sacris

149 1972 262 2034 Cogeris,
272 1984 315 2019 aut
323 1973 395 2036 pictis
405 1984 529 2039 tamquam
541 1973 645 2038 gaudere
655 1973 756 2024 tabellis.

148 2042 233 2089 Nescis
243 2057 294 2104 qno
304 2043 382 2089 valeat
391 2044 523 2103 nummus,
532 2039 607 2110 quem
615 2043 721 2108 praebeat
731 2041 821 2092 usum?

148 2111 220 2157 Panis
229 2121 337 2170 ematur,
346 2111 414 2175 olus,
423 2113 476 2160 vini
484 2113 616 2163 sextarius:
628 2112 701 2174 addc,

149 2179 227 2239 Queis
235 2179 344 2228 humana
354 2181 401 2228 sibi
410 2181 491 2244 doleat
500 2193 588 2234 natura
597 2183 698 2246 negatis.

147 2249 189 2298 An
198 2249 297 2312 vigilare
306 2261 375 2298 metu
384 2253 535 2312 exanimem,
544 2264 679 2316 noctesque
689 2251 789 2314 diesque

90 2343 93 2348 ·
148 2319 288 2367 Formidare
299 2321 375 2368 malos
384 2322 463 2382 iures,
472 2321 598 2385 incendia,
606 2339 703 2381 servos,

147 2388 186 2436 Ne
196 2401 220 2437 te
228 2390 362 2454 compilant
371 2389 507 2458 fugientes,
516 2392 565 2444 hoe
572 2391 659 2456 juvat?
667 2392 760 2443 horum

148 2460 249 2523 Semper
258 2477 304 2525 ego
314 2459 420 2526 optiriur
429 2463 602 2530 pauperrimus
612 2479 663 2514 esse
672 2462 806 2516 bonorum.
816 2487 853 2498 -·

140 2529 194 2591 .At,
204 2531 224 2576 si
234 2531 362 2582 condoluit
371 2543 493 2586 tentatum
503 2525 593 2600 frigore
602 2548 707 2603 corpus,

147 2599 201 2645 Aut
210 2600 271 2646 alius
281 2618 351 2648 casm
359 2600 423 2650 lecto
433 2613 457 2650 te
467 2599 559 2663 affixit,
568 2601 644 2654 habes
655 2603 699 2666 qui

147 2667 272 2728 assideat,
282 2671 390 2726 ¹fomenta
400 2683 481 2738 paret,
490 2672 615 2724 medicum
624 2683 706 2736 roget,
717 2682 745 2718 ut
755 2681 778 2718 te

148 2737 268 2798 Sueeitet,
276 2755 303 2786 ac
312 2738 398 2790 reddat
406 2743 470 2794 uatis
479 2743 590 2813 cuisque
599 2741 764 2808 propinquis?
772 2767 808 2777 ·-
