2180 3518
258 317 303 388 [QJ
317 311 496 369 no'n'srtt
513 317 672 384 susem,
690 335 735 371 etc.
821 325 868 372 ιω

425 427 442 455 ιι
450 426 464 456 o
472 426 486 456 n
495 427 548 456 aar
556 427 573 458 u
581 427 600 458 s.

400 482 499 526 Peream
509 480 582 540 mali,
592 482 610 527 si
620 497 673 528 non

157 548 289 611 Optimum
300 559 361 596 erat:
371 547 459 595 veriam
469 565 566 611 nequeo
576 550 690 598 dormire.

414 633 608 667 snsssrrus.
774 681 776 688 X

703 692 751 757 Ter
761 695 831 740 uncti
856 734 859 743 s

157 757 311 805 Transnanto
321 757 443 816 Tiberim,
453 773 541 804 somno
552 758 643 820 quibus
653 770 689 806 est
699 775 762 824 opus
771 763 833 825 alto,

157 828 331 890 Irrignumqne
341 843 409 874 mero
419 827 466 873 snb
476 837 574 874 noctem
584 844 675 891 corpus
684 829 799 880 habento.

135 921 144 940 a
158 898 223 956 Aut,
232 897 252 943 si
263 907 346 944 tantus
355 913 425 944 amor
434 897 555 942 scribendi
566 907 589 943 te
599 899 676 960 rapit,
686 899 747 947 ande

159 965 257 1012 Caesaris
266 967 353 1013 invicti
362 981 399 1013 res
410 967 502 1026 dicere,
512 965 589 1014 multa
597 967 712 1014 laborum

158 1037 258 1082 Praemia
266 1036 369 1084 laturus.

429 1121 603 1153 nonarius

385 1175 524 1238 cupidum,
534 1187 603 1240 pater
612 1177 791 1239 optime,vires
857 1182 860 1192 ’

159 1243 296 1291 Deficiunt:
306 1259 388 1307 neque
398 1247 463 1292 enim
474 1247 556 1308 quivis
565 1246 690 1294 horrentia
698 1247 754 1312 pilis
768 1294 771 1298 ,
851 1307 859 1316 θ

160 1311 332 1378 Agmina,'nec
342 1315 416 1362 fracti
426 1327 556 1378 pereuntes
566 1317 666 1380 cuspide
676 1318 771 1380 Gallos,
864 1369 867 1389 ἱ

160 1386 210 1432 Aut
220 1383 323 1431 labentis
333 1401 399 1449 equo
409 1384 528 1433 describat
537 1387 638 1434 vulnera
646 1388 737 1436 Parthi.

420 1471 610 1504 russurrns

160 1524 276 1572 Attamen
285 1534 310 1571 et
318 1523 414 1585 justum
424 1535 521 1587 poteras
531 1538 556 1574 et'
564 1525 667 1575 scribere
677 1528 779 1590 fortem,

160 1595 296 1658 Scipiadam
305 1604 335 1641 ut
345 1594 439 1658 sapiens
448 1596 562 1644 Lucilius.

426 1679 600 1713 nonarius

577 1734 650 1782 Haud
660 1735 722 1782 mihi
732 1736 817 1797 deero,

160 1807 247 1867 Quum·
257 1818 295 1849 res
303 1804 356 1866 ipsa
365 1802 433 1850 ieret.
448 1805 501 1852 Nisi
512 1805 599 1852 deictro
609 1815 733 1868 tempore,
743 1807 819 1853 Flacci
856 1801 858 1807 ’

159 1876 240 1924 Verba
249 1889 294 1935 per
303 1883 420 1920 attentam
430 1888 483 1921 non
491 1875 564 1921 ibunt
574 1875 673 1922 Caesaris
684 1889 780 1922 aurem:
813 1877 814 1884 ’
854 1881 859 1888 “

160 1947 205 1994 Cni
215 1943 277 1991 male
287 1943 306 1988 si
317 1943 428 2005 palpere,
437 1944 571 1991 recalcitrat
580 1943 691 2007 undique
701 1955 778 1993 tutus.
849 1995 852 2000 ,

281 2015 317 2052 ‘·
356 2021 358 2024 '
419 2011 614 2062 cassarius.
771 2009 772 2014 ¹

160 2085 265 2145 Quanto
274 2079 364 2128 rectius
374 2079 437 2142 hoc',
447 2083 522 2146 quim
532 2085 596 2132 tristi
604 2084 690 2132 laedere
700 2101 773 2133 versu

158 2152 321 2202 Pantolabum
331 2168 440 2216 scurram
450 2155 685 2218 Nomentanumque
695 2160 834 2220 nepoteml.

160 2225 247 2286 Quum
258 2221 304 2269 sibi
314 2223 419 2285 quisque
426 2223 510 2283 timet,
520 2240 669 2289 quamquam
677 2237 713 2272 est
719 2227 838 2292 intactus,
848 2239 873 2274 et

246 2291 307 2340 odit.

430 2378 604 2411 sonsrrus
661 2377 663 2382 ’

161 2432 231 2494 Quid
240 2431 341 2478 faciam?
354 2431 429 2479 Saltst
439 2432 572 2491 Milonius,
584 2443 613 2478 ut
623 2428 697 2478 semel
705 2435 757 2480 icto'

159 2503 269 2550 Accessit
278 2501 361 2548 fervor
369 2503 444 2564 capiti
452 2500 623 2563 numerusque
631 2501 750 2548 lucernis:

160 2574 246 2621 Castor
256 2571 346 2635 gaudet
355 2573 437 2634 equis3
447 2587 496 2619 ovo
505 2581 641 2635 prognatus
651 2571 750 2632 eodem,
798 2629 799 2632 Ἰ

159 2643 263 2704 Pugnis:
274 2651 337 2703 quot
346 2642 455 2704 capitum
465 2643 568 2700 vivunt,
578 2640 681 2688 totidem
691 2640 831 2692 studiorum

159 2711 245 2758 Millia.
260 2712 302 2757 Me
312 2710 417 2774 pedihus
427 2710 529 2757 delectat
538 2710 649 2758 claudere
658 2713 743 2774 verba,

159 2780 238 2828 Lucili
248 2781 312 2840 ritu,
321 2778 435 2827 nostrism
445 2779 551 2827 melioris
561 2792 675 2844 utroque.
734 2831 739 2840 ,

159 2850 202 2898 Ille
212 2850 281 2898 velut
290 2848 346 2897 fidu
356 2865 440 2897 arcana
450 2849 573 2897 sodalibus
584 2851 642 2899 olim
