<?xml version="1.0" encoding="UTF-8"?>
<!DOCTYPE html PUBLIC "-//W3C//DTD XHTML 1.0 Transitional//EN"
    "http://www.w3.org/TR/xhtml1/DTD/xhtml1-transitional.dtd">
<html xmlns="http://www.w3.org/1999/xhtml" xml:lang="en" lang="en">
 <head>
  <title>
</title>
<meta http-equiv="Content-Type" content="text/html;charset=utf-8" />
  <meta name='ocr-system' content='tesseract 3.04.00' />
  <meta name='ocr-capabilities' content='ocr_page ocr_carea ocr_par ocr_line ocrx_word'/>
</head>
<body>
  <div class='ocr_page' id='page_1' title='image "./quintushoratius02horagoog_0244.png"; bbox 0 0 2176 3540; ppageno 0'>
   <div class='ocr_carea' id='block_1_1' title="bbox 303 262 875 311">
    <p class='ocr_par' dir='ltr' id='par_1_1' title="bbox 303 262 875 311">
     <span class='ocr_line' id='line_1_1' title="bbox 303 262 875 311; baseline 0.003 -3"><span class='ocrx_word' id='word_1_1' title='bbox 303 262 600 311; x_wconf 79' lang='lat' dir='ltr'><strong>EPISTOLARUM</strong></span> <span class='ocrx_word' id='word_1_2' title='bbox 620 265 694 310; x_wconf 78' lang='grc' dir='ltr'><strong>ΗΒ.</strong></span> <span class='ocrx_word' id='word_1_3' title='bbox 716 265 736 310; x_wconf 90' lang='grc' dir='ltr'><strong>Ι.</strong></span> <span class='ocrx_word' id='word_1_4' title='bbox 825 263 875 310; x_wconf 73' lang='lat'><strong>235</strong></span> 
     </span>
    </p>
   </div>
   <div class='ocr_carea' id='block_1_2' title="bbox 170 413 864 463">
    <p class='ocr_par' dir='ltr' id='par_1_2' title="bbox 170 413 864 463">
     <span class='ocr_line' id='line_1_2' title="bbox 313 413 318 422; baseline 0 0"><span class='ocrx_word' id='word_1_5' title='bbox 313 413 318 422; x_wconf 66' lang='lat' dir='ltr'>i</span> 
     </span>
     <span class='ocr_line' id='line_1_3' title="bbox 170 419 864 463; baseline 0 -3"><span class='ocrx_word' id='word_1_6' title='bbox 170 419 864 463; x_wconf 49' lang='lat' dir='ltr'><strong>wvtmmmmmmmffm</strong></span> 
     </span>
    </p>
   </div>
   <div class='ocr_carea' id='block_1_3' title="bbox 326 544 710 738">
    <p class='ocr_par' dir='ltr' id='par_1_3' title="bbox 326 544 710 738">
     <span class='ocr_line' id='line_1_4' title="bbox 326 544 710 612; baseline 0 -2"><span class='ocrx_word' id='word_1_7' title='bbox 326 544 608 612; x_wconf 86' lang='lat' dir='ltr'><strong>EPISTOLA</strong></span> <span class='ocrx_word' id='word_1_8' title='bbox 638 547 710 612; x_wconf 90' lang='lat' dir='ltr'><strong>XI.</strong></span> 
     </span>
     <span class='ocr_line' id='line_1_5' title="bbox 354 689 683 738; baseline 0.006 -2"><span class='ocrx_word' id='word_1_9' title='bbox 354 690 406 736; x_wconf 75' lang='lat' dir='ltr'><strong>in</strong></span> <span class='ocrx_word' id='word_1_10' title='bbox 430 689 683 738; x_wconf 70' lang='lat' dir='ltr'><strong>ruinartius.</strong></span> 
     </span>
    </p>
   </div>
   <div class='ocr_carea' id='block_1_4' title="bbox 160 792 871 1872">
    <p class='ocr_par' dir='ltr' id='par_1_4' title="bbox 162 792 871 1166">
     <span class='ocr_line' id='line_1_6' title="bbox 164 792 832 903; baseline 0.006 -27"><span class='ocrx_word' id='word_1_11' title='bbox 164 792 230 903; x_wconf 79' lang='lat' dir='ltr'><strong>Qu</strong></span> <span class='ocrx_word' id='word_1_12' title='bbox 236 847 245 877; x_wconf 87' lang='lat'>1</span> <span class='ocrx_word' id='word_1_13' title='bbox 251 845 267 876; x_wconf 87' lang='lat' dir='ltr'><strong>o</strong></span> <span class='ocrx_word' id='word_1_14' title='bbox 277 829 324 877; x_wconf 90' lang='lat' dir='ltr'><strong>tibi</strong></span> <span class='ocrx_word' id='word_1_15' title='bbox 333 831 384 876; x_wconf 81' lang='lat' dir='ltr'><strong>visa</strong></span> <span class='ocrx_word' id='word_1_16' title='bbox 394 830 484 890; x_wconf 86' lang='lat' dir='ltr'><strong>Chios,</strong></span> <span class='ocrx_word' id='word_1_17' title='bbox 493 830 599 890; x_wconf 86' lang='lat' dir='ltr'><strong>Bullati,</strong></span> <span class='ocrx_word' id='word_1_18' title='bbox 608 841 717 894; x_wconf 84' lang='lat' dir='ltr'><strong>uotaque</strong></span> <span class='ocrx_word' id='word_1_19' title='bbox 724 832 832 880; x_wconf 87' lang='lat' dir='ltr'><strong>Lesbos?</strong></span> 
     </span>
     <span class='ocr_line' id='line_1_7' title="bbox 164 900 818 964; baseline 0.002 -17"><span class='ocrx_word' id='word_1_20' title='bbox 164 900 234 961; x_wconf 87' lang='lat' dir='ltr'>Quid</span> <span class='ocrx_word' id='word_1_21' title='bbox 244 901 365 952; x_wconf 82' lang='lat' dir='ltr'><strong>concinna</strong></span> <span class='ocrx_word' id='word_1_22' title='bbox 377 901 482 958; x_wconf 78' lang='lat' dir='ltr'><strong>Samos?</strong></span> <span class='ocrx_word' id='word_1_23' title='bbox 492 900 553 964; x_wconf 88' lang='lat' dir='ltr'><strong>quid</strong></span> <span class='ocrx_word' id='word_1_24' title='bbox 562 901 639 948; x_wconf 81' lang='lat' dir='ltr'><strong>Croeei</strong></span> <span class='ocrx_word' id='word_1_25' title='bbox 649 901 712 964; x_wconf 82' lang='lat' dir='ltr'><strong>regia</strong></span> <span class='ocrx_word' id='word_1_26' title='bbox 722 902 818 950; x_wconf 83' lang='lat' dir='ltr'><strong>Sardis?</strong></span> 
     </span>
     <span class='ocr_line' id='line_1_8' title="bbox 162 969 857 1034; baseline 0 -16"><span class='ocrx_word' id='word_1_27' title='bbox 162 971 266 1034; x_wconf 77' lang='lat' dir='ltr'><strong>Smyrna</strong></span> <span class='ocrx_word' id='word_1_28' title='bbox 277 970 372 1032; x_wconf 90' lang='lat' dir='ltr'><strong>quidet</strong></span> <span class='ocrx_word' id='word_1_29' title='bbox 382 970 533 1034; x_wconf 82' lang='lat' dir='ltr'><strong>Colophon?</strong></span> <span class='ocrx_word' id='word_1_30' title='bbox 542 969 634 1031; x_wconf 87' lang='lat' dir='ltr'><strong>majora</strong></span> <span class='ocrx_word' id='word_1_31' title='bbox 645 970 770 1018; x_wconf 78' lang='lat' dir='ltr'><strong>minorave</strong></span> <span class='ocrx_word' id='word_1_32' title='bbox 779 970 857 1020; x_wconf 75' lang='lat' dir='ltr'><strong>fama?</strong></span> 
     </span>
     <span class='ocr_line' id='line_1_9' title="bbox 163 1029 871 1104; baseline 0.003 -18"><span class='ocrx_word' id='word_1_33' title='bbox 163 1039 308 1104; x_wconf 87' lang='lat' dir='ltr'><strong>Cunctaque</strong></span> <span class='ocrx_word' id='word_1_34' title='bbox 316 1056 368 1104; x_wconf 83' lang='lat' dir='ltr'><strong>prae</strong></span> <span class='ocrx_word' id='word_1_35' title='bbox 377 1041 471 1104; x_wconf 87' lang='lat' dir='ltr'><strong>Campo</strong></span> <span class='ocrx_word' id='word_1_36' title='bbox 481 1051 505 1086; x_wconf 90' lang='lat' dir='ltr'><strong>et</strong></span> <span class='ocrx_word' id='word_1_37' title='bbox 514 1039 632 1088; x_wconf 86' lang='lat' dir='ltr'><strong>Tiberino</strong></span> <span class='ocrx_word' id='word_1_38' title='bbox 641 1029 744 1088; x_wconf 65' lang='lat' dir='ltr'><strong>tudine</strong></span> <span class='ocrx_word' id='word_1_39' title='bbox 754 1041 871 1089; x_wconf 84' lang='lat' dir='ltr'><strong>sordent?</strong></span> 
     </span>
     <span class='ocr_line' id='line_1_10' title="bbox 163 1109 773 1166; baseline 0.003 -10"><span class='ocrx_word' id='word_1_40' title='bbox 163 1111 203 1158; x_wconf 82' lang='lat' dir='ltr'><strong>Au</strong></span> <span class='ocrx_word' id='word_1_41' title='bbox 212 1110 318 1157; x_wconf 87' lang='lat' dir='ltr'><strong>venitin</strong></span> <span class='ocrx_word' id='word_1_42' title='bbox 329 1121 418 1157; x_wconf 90' lang='lat' dir='ltr'><strong>votum</strong></span> <span class='ocrx_word' id='word_1_43' title='bbox 427 1109 539 1158; x_wconf 74' lang='lat' dir='ltr'><strong>Attalicis</strong></span> <span class='ocrx_word' id='word_1_44' title='bbox 549 1127 581 1156; x_wconf 85' lang='lat' dir='ltr'><strong>ex</strong></span> <span class='ocrx_word' id='word_1_45' title='bbox 592 1109 696 1166; x_wconf 78' lang='lat' dir='ltr'><strong>urbibus</strong></span> <span class='ocrx_word' id='word_1_46' title='bbox 707 1113 773 1158; x_wconf 82' lang='lat' dir='ltr'><strong>uua?</strong></span> 
     </span>
    </p>

    <p class='ocr_par' dir='ltr' id='par_1_5' title="bbox 160 1179 850 1734">
     <span class='ocr_line' id='line_1_11' title="bbox 162 1179 850 1242; baseline 0.003 -16"><span class='ocrx_word' id='word_1_47' title='bbox 162 1182 202 1227; x_wconf 81' lang='lat' dir='ltr'><strong>An</strong></span> <span class='ocrx_word' id='word_1_48' title='bbox 210 1179 339 1238; x_wconf 75' lang='lat' dir='ltr'>Lebedum</span> <span class='ocrx_word' id='word_1_49' title='bbox 348 1179 446 1240; x_wconf 81' lang='lat' dir='ltr'><strong>laudas,</strong></span> <span class='ocrx_word' id='word_1_50' title='bbox 456 1179 515 1236; x_wconf 86' lang='lat' dir='ltr'><strong>odio</strong></span> <span class='ocrx_word' id='word_1_51' title='bbox 525 1181 598 1227; x_wconf 85' lang='lat' dir='ltr'><strong>maris</strong></span> <span class='ocrx_word' id='word_1_52' title='bbox 609 1182 806 1242; x_wconf 73' lang='lat' dir='ltr'><strong>atque-viarum?</strong></span> <span class='ocrx_word' id='word_1_53' title='bbox 815 1208 850 1218; x_wconf 93' lang='lat'>-</span> 
     </span>
     <span class='ocr_line' id='line_1_12' title="bbox 163 1248 766 1314; baseline 0.003 -18"><span class='ocrx_word' id='word_1_54' title='bbox 163 1251 213 1297; x_wconf 85' lang='lat' dir='ltr'>Scis</span> <span class='ocrx_word' id='word_1_55' title='bbox 222 1249 336 1311; x_wconf 83' lang='lat' dir='ltr'><strong>Lebedus</strong></span> <span class='ocrx_word' id='word_1_56' title='bbox 347 1249 408 1314; x_wconf 88' lang='lat' dir='ltr'><strong>quid</strong></span> <span class='ocrx_word' id='word_1_57' title='bbox 417 1250 462 1308; x_wconf 83' lang='lat' dir='ltr'><strong>sit3</strong></span> <span class='ocrx_word' id='word_1_58' title='bbox 473 1249 556 1297; x_wconf 81' lang='lat' dir='ltr'>Gabiis</span> <span class='ocrx_word' id='word_1_59' title='bbox 566 1248 684 1314; x_wconf 81' lang='lat' dir='ltr'><strong>desertior</strong></span> <span class='ocrx_word' id='word_1_60' title='bbox 693 1262 766 1314; x_wconf 88' lang='lat' dir='ltr'><strong>atque</strong></span> 
     </span>
     <span class='ocr_line' id='line_1_13' title="bbox 162 1320 708 1382; baseline 0.004 -16"><span class='ocrx_word' id='word_1_61' title='bbox 162 1320 261 1382; x_wconf 80' lang='lat' dir='ltr'>Fidenis</span> <span class='ocrx_word' id='word_1_62' title='bbox 271 1321 355 1368; x_wconf 87' lang='lat' dir='ltr'><strong>vicus:</strong></span> <span class='ocrx_word' id='word_1_63' title='bbox 366 1331 448 1368; x_wconf 90' lang='lat' dir='ltr'><strong>tamen</strong></span> <span class='ocrx_word' id='word_1_64' title='bbox 456 1320 507 1368; x_wconf 88' lang='lat' dir='ltr'><strong>illic</strong></span> <span class='ocrx_word' id='word_1_65' title='bbox 517 1320 599 1367; x_wconf 89' lang='lat' dir='ltr'><strong>vivere</strong></span> <span class='ocrx_word' id='word_1_66' title='bbox 609 1320 708 1380; x_wconf 86' lang='lat' dir='ltr'><strong>vellem;</strong></span> 
     </span>
     <span class='ocr_line' id='line_1_14' title="bbox 162 1389 750 1454; baseline 0.002 -15"><span class='ocrx_word' id='word_1_67' title='bbox 162 1390 314 1453; x_wconf 88' lang='lat' dir='ltr'><strong>Oblitusque</strong></span> <span class='ocrx_word' id='word_1_68' title='bbox 324 1406 453 1449; x_wconf 84' lang='lat' dir='ltr'><strong>meorum,</strong></span> <span class='ocrx_word' id='word_1_69' title='bbox 461 1389 643 1439; x_wconf 85' lang='lat' dir='ltr'><strong>obliviscendus</strong></span> <span class='ocrx_word' id='word_1_70' title='bbox 653 1403 678 1438; x_wconf 89' lang='lat' dir='ltr'><strong>et</strong></span> <span class='ocrx_word' id='word_1_71' title='bbox 687 1391 750 1454; x_wconf 81' lang='lat' dir='ltr'><strong>illis,</strong></span> 
     </span>
     <span class='ocr_line' id='line_1_15' title="bbox 161 1459 813 1525; baseline 0.003 -16"><span class='ocrx_word' id='word_1_72' title='bbox 161 1461 311 1524; x_wconf 83' lang='lat' dir='ltr'><strong>Neptunum</strong></span> <span class='ocrx_word' id='word_1_73' title='bbox 320 1461 431 1525; x_wconf 82' lang='lat' dir='ltr'><strong>procule</strong></span> <span class='ocrx_word' id='word_1_74' title='bbox 442 1459 503 1508; x_wconf 75' lang='lat' dir='ltr'><strong>terri</strong></span> <span class='ocrx_word' id='word_1_75' title='bbox 513 1472 621 1524; x_wconf 82' lang='lat' dir='ltr'><strong>spectare</strong></span> <span class='ocrx_word' id='word_1_76' title='bbox 632 1461 764 1511; x_wconf 89' lang='lat' dir='ltr'><strong>furentem.</strong></span> <span class='ocrx_word' id='word_1_77' title='bbox 777 1491 813 1502; x_wconf 89' lang='lat'>-</span> 
     </span>
     <span class='ocr_line' id='line_1_16' title="bbox 162 1529 849 1598; baseline 0 -18"><span class='ocrx_word' id='word_1_78' title='bbox 162 1531 211 1580; x_wconf 87' lang='lat' dir='ltr'><strong>Sed</strong></span> <span class='ocrx_word' id='word_1_79' title='bbox 220 1547 302 1593; x_wconf 90' lang='lat' dir='ltr'><strong>neque</strong></span> <span class='ocrx_word' id='word_1_80' title='bbox 312 1531 357 1594; x_wconf 92' lang='lat' dir='ltr'><strong>qui</strong></span> <span class='ocrx_word' id='word_1_81' title='bbox 367 1529 450 1593; x_wconf 75' lang='lat' dir='ltr'><strong>Capul</strong></span> <span class='ocrx_word' id='word_1_82' title='bbox 460 1533 565 1590; x_wconf 82' lang='lat' dir='ltr'><strong>Romam</strong></span> <span class='ocrx_word' id='word_1_83' title='bbox 572 1533 649 1595; x_wconf 82' lang='lat' dir='ltr'><strong>petit,</strong></span> <span class='ocrx_word' id='word_1_84' title='bbox 657 1533 736 1581; x_wconf 88' lang='lat' dir='ltr'><strong>imbre</strong></span> <span class='ocrx_word' id='word_1_85' title='bbox 743 1533 849 1598; x_wconf 84' lang='lat' dir='ltr'><strong>lutoque</strong></span> 
     </span>
     <span class='ocr_line' id='line_1_17' title="bbox 162 1600 760 1668; baseline 0.008 -21"><span class='ocrx_word' id='word_1_86' title='bbox 162 1601 299 1663; x_wconf 81' lang='lat' dir='ltr'><strong>Aspersus‚</strong></span> <span class='ocrx_word' id='word_1_87' title='bbox 308 1601 377 1648; x_wconf 89' lang='lat' dir='ltr'><strong>volet</strong></span> <span class='ocrx_word' id='word_1_88' title='bbox 385 1601 413 1647; x_wconf 88' lang='lat' dir='ltr'><strong>in</strong></span> <span class='ocrx_word' id='word_1_89' title='bbox 422 1600 532 1664; x_wconf 76' lang='lat' dir='ltr'><strong>cauponi</strong></span> <span class='ocrx_word' id='word_1_90' title='bbox 542 1603 625 1649; x_wconf 86' lang='lat' dir='ltr'><strong>vivere</strong></span> <span class='ocrx_word' id='word_1_91' title='bbox 634 1619 706 1663; x_wconf 76' lang='lat' dir='ltr'><strong>mee,</strong></span> <span class='ocrx_word' id='word_1_92' title='bbox 716 1605 760 1668; x_wconf 89' lang='lat' dir='ltr'><strong>qui</strong></span> 
     </span>
     <span class='ocr_line' id='line_1_18' title="bbox 160 1670 700 1734; baseline 0.004 -18"><span class='ocrx_word' id='word_1_93' title='bbox 160 1671 248 1734; x_wconf 83' lang='lat' dir='ltr'><strong>Frigus</strong></span> <span class='ocrx_word' id='word_1_94' title='bbox 257 1671 369 1734; x_wconf 80' lang='lat' dir='ltr'><strong>collegit,</strong></span> <span class='ocrx_word' id='word_1_95' title='bbox 379 1671 466 1718; x_wconf 87' lang='lat' dir='ltr'><strong>furnos</strong></span> <span class='ocrx_word' id='word_1_96' title='bbox 475 1683 500 1718; x_wconf 92' lang='lat' dir='ltr'><strong>et</strong></span> <span class='ocrx_word' id='word_1_97' title='bbox 508 1670 595 1718; x_wconf 82' lang='lat' dir='ltr'><strong>balnea</strong></span> <span class='ocrx_word' id='word_1_98' title='bbox 603 1671 700 1733; x_wconf 82' lang='lat' dir='ltr'><strong>laudat,</strong></span> 
     </span>
    </p>

    <p class='ocr_par' dir='ltr' id='par_1_6' title="bbox 161 1740 686 1804">
     <span class='ocr_line' id='line_1_19' title="bbox 161 1740 686 1804; baseline -0.004 -16"><span class='ocrx_word' id='word_1_99' title='bbox 161 1741 196 1788; x_wconf 88' lang='lat' dir='ltr'><strong>Ut</strong></span> <span class='ocrx_word' id='word_1_100' title='bbox 206 1740 356 1789; x_wconf 75' lang='lat' dir='ltr'><strong>fortunatam</strong></span> <span class='ocrx_word' id='word_1_101' title='bbox 366 1741 438 1804; x_wconf 71' lang='lat' dir='ltr'><strong>plene</strong></span> <span class='ocrx_word' id='word_1_102' title='bbox 446 1741 587 1804; x_wconf 75' lang='lat' dir='ltr'><strong>praestantia</strong></span> <span class='ocrx_word' id='word_1_103' title='bbox 597 1742 686 1788; x_wconf 83' lang='lat' dir='ltr'><strong>vitam:</strong></span> 
     </span>
    </p>

    <p class='ocr_par' dir='ltr' id='par_1_7' title="bbox 162 1811 778 1872">
     <span class='ocr_line' id='line_1_20' title="bbox 162 1811 778 1872; baseline 0 -13"><span class='ocrx_word' id='word_1_104' title='bbox 162 1811 229 1870; x_wconf 81' lang='lat' dir='ltr'><strong>Nee,</strong></span> <span class='ocrx_word' id='word_1_105' title='bbox 238 1811 259 1858; x_wconf 87' lang='lat' dir='ltr'><strong>si</strong></span> <span class='ocrx_word' id='word_1_106' title='bbox 268 1822 292 1870; x_wconf 76' lang='lat' dir='ltr'><strong>te</strong></span> <span class='ocrx_word' id='word_1_107' title='bbox 301 1811 397 1859; x_wconf 86' lang='lat' dir='ltr'><strong>validus</strong></span> <span class='ocrx_word' id='word_1_108' title='bbox 406 1811 532 1872; x_wconf 82' lang='lat' dir='ltr'><strong>jactaverit</strong></span> <span class='ocrx_word' id='word_1_109' title='bbox 541 1811 632 1858; x_wconf 84' lang='lat' dir='ltr'><strong>Auster</strong></span> <span class='ocrx_word' id='word_1_110' title='bbox 641 1811 668 1856; x_wconf 91' lang='lat' dir='ltr'><strong>in</strong></span> <span class='ocrx_word' id='word_1_111' title='bbox 676 1811 739 1870; x_wconf 83' lang='lat' dir='ltr'><strong>alto,</strong></span> <span class='ocrx_word' id='word_1_112' title='bbox 769 1847 778 1872; x_wconf 31' lang='grc' dir='ltr'><strong>,ψ</strong></span> 
     </span>
    </p>
   </div>
   <div class='ocr_carea' id='block_1_5' title="bbox 63 1880 745 1944">
    <p class='ocr_par' dir='ltr' id='par_1_8' title="bbox 63 1880 745 1944">
     <span class='ocr_line' id='line_1_21' title="bbox 63 1880 745 1944; baseline 0.003 -18"><span class='ocrx_word' id='word_1_113' title='bbox 63 1933 67 1942; x_wconf 38' lang='lat'><strong><em>¹</em></strong></span> <span class='ocrx_word' id='word_1_114' title='bbox 163 1880 261 1928; x_wconf 84' lang='lat' dir='ltr'><strong>idcireo</strong></span> <span class='ocrx_word' id='word_1_115' title='bbox 270 1898 358 1928; x_wconf 84' lang='lat' dir='ltr'><strong>navem</strong></span> <span class='ocrx_word' id='word_1_116' title='bbox 367 1893 433 1928; x_wconf 89' lang='lat' dir='ltr'><strong>trans</strong></span> <span class='ocrx_word' id='word_1_117' title='bbox 443 1882 560 1944; x_wconf 77' lang='lat' dir='ltr'><strong>Aegaeum</strong></span> <span class='ocrx_word' id='word_1_118' title='bbox 571 1896 636 1927; x_wconf 84' lang='lat' dir='ltr'><strong>mere</strong></span> <span class='ocrx_word' id='word_1_119' title='bbox 646 1881 745 1928; x_wconf 86' lang='lat' dir='ltr'><strong>vendas.</strong></span> 
     </span>
    </p>
   </div>
   <div class='ocr_carea' id='block_1_6' title="bbox 158 1949 909 2711">
    <p class='ocr_par' dir='ltr' id='par_1_9' title="bbox 161 1949 838 2084">
     <span class='ocr_line' id='line_1_22' title="bbox 161 1949 838 2018; baseline 0 -21"><span class='ocrx_word' id='word_1_120' title='bbox 161 1951 285 1999; x_wconf 84' lang='lat' dir='ltr'><strong>ineolumi</strong></span> <span class='ocrx_word' id='word_1_121' title='bbox 294 1951 399 1999; x_wconf 85' lang='lat' dir='ltr'><strong>Rhodos</strong></span> <span class='ocrx_word' id='word_1_122' title='bbox 411 1962 435 1998; x_wconf 89' lang='lat' dir='ltr'><strong>et</strong></span> <span class='ocrx_word' id='word_1_123' title='bbox 444 1952 563 2016; x_wconf 81' lang='lat' dir='ltr'><strong>Mitylene</strong></span> <span class='ocrx_word' id='word_1_124' title='bbox 572 1950 677 2014; x_wconf 88' lang='lat' dir='ltr'><strong>pulchra</strong></span> <span class='ocrx_word' id='word_1_125' title='bbox 687 1949 757 2012; x_wconf 78' lang='lat' dir='ltr'><strong>facit,</strong></span> <span class='ocrx_word' id='word_1_126' title='bbox 767 1950 838 2018; x_wconf 89' lang='lat' dir='ltr'><strong>quod</strong></span> 
     </span>
     <span class='ocr_line' id='line_1_23' title="bbox 162 2021 756 2084; baseline 0.003 -16"><span class='ocrx_word' id='word_1_127' title='bbox 162 2021 264 2068; x_wconf 83' lang='lat' dir='ltr'><strong>Paenula</strong></span> <span class='ocrx_word' id='word_1_128' title='bbox 272 2021 392 2080; x_wconf 86' lang='lat' dir='ltr'><strong>solstitio,</strong></span> <span class='ocrx_word' id='word_1_129' title='bbox 401 2033 536 2084; x_wconf 77' lang='lat' dir='ltr'><strong>campestre</strong></span> <span class='ocrx_word' id='word_1_130' title='bbox 545 2021 669 2068; x_wconf 82' lang='lat' dir='ltr'><strong>nivalibus</strong></span> <span class='ocrx_word' id='word_1_131' title='bbox 677 2023 756 2083; x_wconf 78' lang='lat' dir='ltr'><strong>auris,</strong></span> 
     </span>
    </p>

    <p class='ocr_par' dir='ltr' id='par_1_10' title="bbox 158 2089 770 2158">
     <span class='ocr_line' id='line_1_24' title="bbox 158 2089 770 2158; baseline 0.005 -20"><span class='ocrx_word' id='word_1_132' title='bbox 158 2093 211 2158; x_wconf 38' lang='lat' dir='ltr'><strong>‚Per</strong></span> <span class='ocrx_word' id='word_1_133' title='bbox 219 2089 333 2138; x_wconf 90' lang='lat' dir='ltr'><strong>brumam</strong></span> <span class='ocrx_word' id='word_1_134' title='bbox 343 2091 452 2151; x_wconf 86' lang='lat' dir='ltr'><strong>Tiberis,</strong></span> <span class='ocrx_word' id='word_1_135' title='bbox 462 2091 550 2139; x_wconf 80' lang='lat' dir='ltr'><strong>Sextili</strong></span> <span class='ocrx_word' id='word_1_136' title='bbox 559 2109 641 2140; x_wconf 84' lang='lat' dir='ltr'><strong>mense</strong></span> <span class='ocrx_word' id='word_1_137' title='bbox 651 2095 770 2155; x_wconf 86' lang='lat' dir='ltr'><strong>caminus.</strong></span> 
     </span>
    </p>

    <p class='ocr_par' dir='ltr' id='par_1_11' title="bbox 162 2161 909 2505">
     <span class='ocr_line' id='line_1_25' title="bbox 162 2161 814 2226; baseline 0.006 -19"><span class='ocrx_word' id='word_1_138' title='bbox 162 2161 231 2207; x_wconf 87' lang='lat' dir='ltr'><strong>Dum</strong></span> <span class='ocrx_word' id='word_1_139' title='bbox 241 2161 311 2221; x_wconf 79' lang='lat' dir='ltr'><strong>licet,</strong></span> <span class='ocrx_word' id='word_1_140' title='bbox 321 2173 346 2209; x_wconf 90' lang='lat' dir='ltr'><strong>et</strong></span> <span class='ocrx_word' id='word_1_141' title='bbox 356 2161 455 2208; x_wconf 90' lang='lat' dir='ltr'><strong>vultum</strong></span> <span class='ocrx_word' id='word_1_142' title='bbox 466 2173 545 2209; x_wconf 88' lang='lat' dir='ltr'><strong>servat</strong></span> <span class='ocrx_word' id='word_1_143' title='bbox 554 2163 654 2210; x_wconf 88' lang='lat' dir='ltr'><strong>fortuna</strong></span> <span class='ocrx_word' id='word_1_144' title='bbox 662 2163 814 2226; x_wconf 77' lang='lat' dir='ltr'><strong>benignum,</strong></span> 
     </span>
     <span class='ocr_line' id='line_1_26' title="bbox 163 2230 869 2292; baseline 0.001 -15"><span class='ocrx_word' id='word_1_145' title='bbox 163 2233 250 2280; x_wconf 84' lang='lat' dir='ltr'><strong>Romae</strong></span> <span class='ocrx_word' id='word_1_146' title='bbox 259 2230 376 2278; x_wconf 83' lang='lat' dir='ltr'><strong>laudetur</strong></span> <span class='ocrx_word' id='word_1_147' title='bbox 385 2233 485 2291; x_wconf 84' lang='lat' dir='ltr'><strong>Samos,</strong></span> <span class='ocrx_word' id='word_1_148' title='bbox 494 2242 518 2278; x_wconf 89' lang='lat' dir='ltr'><strong>et</strong></span> <span class='ocrx_word' id='word_1_149' title='bbox 528 2233 617 2292; x_wconf 77' lang='lat' dir='ltr'><strong>Chios,</strong></span> <span class='ocrx_word' id='word_1_150' title='bbox 626 2244 651 2280; x_wconf 90' lang='lat' dir='ltr'><strong>et</strong></span> <span class='ocrx_word' id='word_1_151' title='bbox 659 2233 764 2281; x_wconf 85' lang='lat' dir='ltr'><strong>Rhodos</strong></span> <span class='ocrx_word' id='word_1_152' title='bbox 773 2232 869 2279; x_wconf 85' lang='lat' dir='ltr'><strong>absens.</strong></span> 
     </span>
     <span class='ocr_line' id='line_1_27' title="bbox 163 2301 832 2365; baseline 0 -17"><span class='ocrx_word' id='word_1_153' title='bbox 163 2301 217 2360; x_wconf 84' lang='lat' dir='ltr'><strong>Tu,</strong></span> <span class='ocrx_word' id='word_1_154' title='bbox 227 2316 411 2365; x_wconf 81' lang='lat' dir='ltr'><strong>quamcumque,</strong></span> <span class='ocrx_word' id='word_1_155' title='bbox 419 2303 488 2349; x_wconf 88' lang='lat' dir='ltr'><strong>Deus</strong></span> <span class='ocrx_word' id='word_1_156' title='bbox 500 2301 544 2349; x_wconf 86' lang='lat' dir='ltr'><strong>tibi</strong></span> <span class='ocrx_word' id='word_1_157' title='bbox 556 2302 720 2350; x_wconf 82' lang='lat' dir='ltr'><strong>fortunaverit</strong></span> <span class='ocrx_word' id='word_1_158' title='bbox 730 2303 832 2359; x_wconf 81' lang='lat' dir='ltr'><strong>horam,</strong></span> 
     </span>
     <span class='ocr_line' id='line_1_28' title="bbox 164 2367 909 2428; baseline 0 -12"><span class='ocrx_word' id='word_1_159' title='bbox 164 2370 238 2417; x_wconf 76' lang='lat' dir='ltr'><strong>Gratti</strong></span> <span class='ocrx_word' id='word_1_160' title='bbox 248 2386 318 2418; x_wconf 85' lang='lat' dir='ltr'><strong>sume</strong></span> <span class='ocrx_word' id='word_1_161' title='bbox 328 2387 417 2428; x_wconf 85' lang='lat' dir='ltr'><strong>manu;</strong></span> <span class='ocrx_word' id='word_1_162' title='bbox 429 2388 480 2418; x_wconf 89' lang='lat' dir='ltr'><strong>neu</strong></span> <span class='ocrx_word' id='word_1_163' title='bbox 490 2367 572 2418; x_wconf 85' lang='lat' dir='ltr'><strong>dulcia</strong></span> <span class='ocrx_word' id='word_1_164' title='bbox 582 2372 656 2418; x_wconf 86' lang='lat' dir='ltr'><strong>differ</strong></span> <span class='ocrx_word' id='word_1_165' title='bbox 665 2374 692 2417; x_wconf 94' lang='lat' dir='ltr'><strong>in</strong></span> <span class='ocrx_word' id='word_1_166' title='bbox 701 2386 811 2428; x_wconf 85' lang='lat' dir='ltr'><strong>annum,</strong></span> <span class='ocrx_word' id='word_1_167' title='bbox 907 2393 909 2397; x_wconf 93' lang='lat'>·</span> 
     </span>
     <span class='ocr_line' id='line_1_29' title="bbox 163 2439 758 2505; baseline -0.002 -19"><span class='ocrx_word' id='word_1_168' title='bbox 163 2441 211 2500; x_wconf 79' lang='lat' dir='ltr'><strong>Ut,</strong></span> <span class='ocrx_word' id='word_1_169' title='bbox 220 2457 381 2504; x_wconf 80' lang='lat' dir='ltr'><strong>quocumque</strong></span> <span class='ocrx_word' id='word_1_170' title='bbox 390 2441 446 2488; x_wconf 87' lang='lat' dir='ltr'><strong>loco</strong></span> <span class='ocrx_word' id='word_1_171' title='bbox 455 2441 546 2505; x_wconf 80' lang='lat' dir='ltr'><strong>fueris,</strong></span> <span class='ocrx_word' id='word_1_172' title='bbox 554 2441 643 2486; x_wconf 82' lang='lat' dir='ltr'><strong>vixisse</strong></span> <span class='ocrx_word' id='word_1_173' title='bbox 652 2439 758 2496; x_wconf 83' lang='lat' dir='ltr'><strong>libenter</strong></span> 
     </span>
    </p>

    <p class='ocr_par' dir='ltr' id='par_1_12' title="bbox 163 2509 736 2573">
     <span class='ocr_line' id='line_1_30' title="bbox 163 2509 736 2573; baseline -0.003 -17"><span class='ocrx_word' id='word_1_174' title='bbox 163 2511 198 2556; x_wconf 93' lang='lat' dir='ltr'><strong>Te</strong></span> <span class='ocrx_word' id='word_1_175' title='bbox 208 2511 286 2558; x_wconf 85' lang='lat' dir='ltr'><strong>dicas:</strong></span> <span class='ocrx_word' id='word_1_176' title='bbox 295 2527 366 2571; x_wconf 84' lang='lat' dir='ltr'><strong>nam,</strong></span> <span class='ocrx_word' id='word_1_177' title='bbox 375 2511 396 2557; x_wconf 87' lang='lat' dir='ltr'><strong>si</strong></span> <span class='ocrx_word' id='word_1_178' title='bbox 405 2511 467 2558; x_wconf 87' lang='lat' dir='ltr'><strong>ratio</strong></span> <span class='ocrx_word' id='word_1_179' title='bbox 478 2521 503 2556; x_wconf 91' lang='lat' dir='ltr'><strong>et</strong></span> <span class='ocrx_word' id='word_1_180' title='bbox 510 2509 643 2573; x_wconf 82' lang='lat' dir='ltr'><strong>prudentia</strong></span> <span class='ocrx_word' id='word_1_181' title='bbox 652 2524 736 2569; x_wconf 79' lang='lat' dir='ltr'><strong>ouras,</strong></span> 
     </span>
    </p>

    <p class='ocr_par' dir='ltr' id='par_1_13' title="bbox 163 2577 877 2711">
     <span class='ocr_line' id='line_1_31' title="bbox 163 2577 743 2637; baseline -0.003 -11"><span class='ocrx_word' id='word_1_182' title='bbox 163 2579 223 2628; x_wconf 89' lang='lat' dir='ltr'><strong>Non</strong></span> <span class='ocrx_word' id='word_1_183' title='bbox 231 2581 303 2628; x_wconf 85' lang='lat' dir='ltr'><strong>loeus</strong></span> <span class='ocrx_word' id='word_1_184' title='bbox 311 2581 384 2630; x_wconf 86' lang='lat' dir='ltr'><strong>effusi</strong></span> <span class='ocrx_word' id='word_1_185' title='bbox 393 2581 441 2628; x_wconf 77' lang='lat' dir='ltr'><strong>late</strong></span> <span class='ocrx_word' id='word_1_186' title='bbox 451 2581 524 2626; x_wconf 89' lang='lat' dir='ltr'><strong>maris</strong></span> <span class='ocrx_word' id='word_1_187' title='bbox 534 2577 638 2637; x_wconf 82' lang='lat' dir='ltr'><strong>arbiter,</strong></span> <span class='ocrx_word' id='word_1_188' title='bbox 647 2578 727 2625; x_wconf 85' lang='lat' dir='ltr'><strong>aufert</strong></span> <span class='ocrx_word' id='word_1_189' title='bbox 736 2593 743 2637; x_wconf 88' lang='lat'>;</span> 
     </span>
     <span class='ocr_line' id='line_1_32' title="bbox 163 2648 877 2711; baseline -0.001 -14"><span class='ocrx_word' id='word_1_190' title='bbox 163 2650 454 2710; x_wconf 77' lang='lat' dir='ltr'><strong>Coelum‚n0nanimum‚</strong></span> <span class='ocrx_word' id='word_1_191' title='bbox 460 2648 877 2711; x_wconf 80' lang='lat' dir='ltr'><strong>mutant‚quitransmareeurrunt.</strong></span> 
     </span>
    </p>
   </div>
   <div class='ocr_carea' id='block_1_7' title="bbox 162 2717 740 2788">
    <p class='ocr_par' dir='ltr' id='par_1_14' title="bbox 162 2717 740 2788">
     <span class='ocr_line' id='line_1_33' title="bbox 162 2717 740 2788; baseline 0.003 -20"><span class='ocrx_word' id='word_1_192' title='bbox 162 2723 267 2770; x_wconf 81' lang='lat' dir='ltr'><strong>Strenua</strong></span> <span class='ocrx_word' id='word_1_193' title='bbox 277 2737 324 2770; x_wconf 86' lang='lat' dir='ltr'><strong>nos</strong></span> <span class='ocrx_word' id='word_1_194' title='bbox 334 2731 431 2770; x_wconf 84' lang='lat' dir='ltr'><strong>exercet</strong></span> <span class='ocrx_word' id='word_1_195' title='bbox 439 2720 540 2772; x_wconf 77' lang='lat' dir='ltr'><strong>inertie:</strong></span> <span class='ocrx_word' id='word_1_196' title='bbox 551 2717 656 2768; x_wconf 87' lang='lat' dir='ltr'><strong>navibus</strong></span> <span class='ocrx_word' id='word_1_197' title='bbox 666 2730 740 2788; x_wconf 83' lang='lat' dir='ltr'><strong>atque</strong></span> 
     </span>
    </p>
   </div>
   <div class='ocr_carea' id='block_1_8' title="bbox 0 0 1092 3540">
    <p class='ocr_par' dir='ltr' id='par_1_15' title="bbox 0 0 1092 3540">
     <span class='ocr_line' id='line_1_34' title="bbox 0 0 1092 3540; baseline 0 0"><span class='ocrx_word' id='word_1_198' title='bbox 0 0 1092 3540; x_wconf 95' lang='lat' dir='ltr'><strong> </strong></span> 
     </span>
    </p>
   </div>
  </div>
 </body>
</html>
