2176 3540
286 351 321 412 Q.
340 323 519 398 sorsin
537 348 700 412 suiset,
718 361 764 399 eu.
829 361 882 413 ω

166 434 256 487 Condo
266 442 292 486 et
303 451 429 508 compono
438 453 494 500 quae
503 455 563 486 mox
572 439 716 502 depromere
721 440 825 503 possim.

3 477 6 550 ,⁸
86 568 89 574 1
166 509 218 568 Ac,
227 525 258 556 ne
269 508 333 554 lorti
343 523 413 572 roges
423 521 474 571 quo
484 521 522 554 me
532 509 608 568 duce,
617 525 668 572 quo
678 511 726 556 lare
735 521 814 562 tuter:

167 579 267 627 Nullius
277 578 392 624 addictus
400 577 482 639 jurare
490 579 517 625 in
528 579 600 625 verba
611 582 732 644 magistri,

169 649 228 708 Quis
238 665 278 695 me
288 663 396 710 cumque
405 649 470 711 rapit
480 659 622 712 tempestas,
632 649 728 708 deferor
737 650 835 713 hospes.

116 779 118 784 ,
167 717 408 782 Nuneagilisfio,et
417 731 511 765 mersor
520 719 635 766 eivitibus
643 721 730 780 undis,
872 713 874 717 ⁷

168 789 276 834 Virtutis
285 804 348 834 verse
358 799 454 847 custos,
463 789 607 852 rigidusque
617 789 722 836 satelles:

168 858 243 904 Nunc
250 859 278 904 iu
288 858 409 920 Aristippi
419 857 506 923 furtim
515 870 641 922 praecepta«
645 859 753 919 relabor,
763 887 767 895 ·

168 929 199 974 Et
206 927 270 974 mibi
280 944 331 987 res,
340 937 393 974 nou
402 944 441 974 me
450 928 524 974 rebus
533 929 679 975 submittere
687 944 772 976 conor.
866 938 867 942 ’

169 999 203 1046 Ut
211 1013 264 1044 uox
272 997 346 1060 longa
355 997 576 1060 quihus'mentitur
585 999 674 1057 amice,
685 999 786 1061 diesque

167 1069 251 1131 Longa
261 1067 360 1114 videtur
368 1083 432 1131 opus
441 1067 603 1125 debentibus3
613 1079 643 1114 ut
651 1069 720 1132 piger
730 1084 809 1116 annus
859 1093 864 1102 ·

168 1137 271 1200 Pupillis
282 1151 345 1200 quos
355 1137 416 1184 dum
426 1139 517 1200 premit
526 1138 642 1184 custodia
648 1149 767 1184 metrum:

168 1207 209 1253 Sic
218 1207 281 1254 mibi
290 1206 358 1253 tarda
367 1205 451 1254 fluunt
458 1208 603 1270 ingrataque
613 1217 723 1271 tempora
732 1223 787 1271 quae
796 1225 864 1272 spem

72 1308 73 1311 =
166 1276 356 1340 Consiliumque
365 1288 495 1324 moiuntur
503 1277 591 1340 egendi
600 1279 711 1340 gnaviter
719 1278 745 1324 id
754 1279 824 1342 quod

72 1354 73 1357 ’
167 1346 255 1410 Aeque
265 1347 415 1409 pauperibus
423 1347 538 1410 prodest,
547 1347 712 1411 locupletibus
722 1350 803 1412 seque,

168 1417 255 1479 Aequis
264 1416 402 1479 neglectum
411 1418 495 1480 pueris
504 1417 653 1480 senibusque
663 1419 770 1466 nocebit.

168 1489 254 1534 Restat
263 1486 341 1534 uthis
350 1503 395 1550 ego
407 1502 446 1533 me
454 1488 507 1551 ipse
516 1504 597 1551 regam
606 1489 720 1552 solerque
729 1491 868 1538 elementis:

167 1556 227 1605 Nou
236 1556 316 1619 possis
325 1557 398 1603 oculo
408 1556 530 1619 quantum
539 1559 687 1606 contendere
695 1563 821 1623 Lynceus,

168 1627 227 1674 Non
237 1637 320 1672 tamen
328 1626 420 1673 idcireo
429 1629 664 1691 contemnaslippus
674 1630 774 1693 inuug1i3

168 1695 234 1755 Nec,
243 1696 302 1758 quia
311 1695 423 1758 desperes
430 1698 517 1744 invicti
526 1698 635 1744 membra
645 1699 784 1760 Glyconis,

168 1765 269 1812 Nodosi
278 1781 370 1828 corpus
379 1766 442 1813 nolis
448 1767 584 1831 prohibere
594 1767 716 1830 cheragub

169 1837 211 1882 list
220 1835 327 1898 quadam
336 1835 436 1899 prodire
445 1849 531 1896 tenus,
540 1838 561 1882 si
569 1845 622 1884 non·
631 1837 703 1882 datur
713 1837 785 1884 uitri.

169 1909 257 1952 Fervet
266 1905 364 1952 averitii
374 1907 512 1970 miseroque
523 1907 638 1969 cupidine
647 1907 750 1969 pectus?

168 1978 233 2022 Sunt
243 1974 318 2041 verba
326 1987 351 2022 et
360 1992 433 2023 voees
442 1977 535 2040 qm'bus
543 1976 612 2022 bunc
621 1975 697 2024 lenire
706 1975 817 2024 dolorem

167 2047 263 2104 Possis,
271 2055 297 2092 et
306 2061 417 2110 maguam
428 2047 508 2094 morbi
518 2046 641 2110 deponere
650 2057 753 2110 partem.

168 2113 259 2162 Laudis
265 2129 349 2163 amore
358 2117 455 2163 tumes?
464 2107 524 2164 iunt
532 2116 597 2164 certi
606 2117 700 2181 pisoulu
709 2129 765 2183 quae
774 2129 798 2166 te

169 2185 218 2232 Ter
227 2185 361 2252 pureleeto
369 2197 490 2250 poterunt
498 2203 603 2235 mereare
612 2189 702 2236 libello.
848 2193 856 2222 s

131 2304 137 2312 ,
168 2255 285 2314 Invidus,
292 2251 438 2316 iracundus,
447 2257 525 2317 iners,
534 2259 649 2318 visimus,
659 2269 765 2319 amator,

168 2325 253 2374 Nemo
259 2325 321 2372 adeo
329 2325 397 2372 ierus
406 2337 443 2372 est
452 2338 481 2373 ut
490 2343 543 2374 uon
551 2329 678 2376 mitescere
686 2322 778 2392 possit,

169 2394 280 2443 simodo
288 2395 392 2444 cultum
400 2397 534 2458 patientem
544 2397 686 2444 commodet
696 2412 788 2444 aurem.

153 2508 154 2511 ,
168 2465 255 2511 Virtus
264 2475 300 2511 est
309 2466 399 2514 vitium
408 2465 505 2529 lugere3
514 2477 538 2512 et
548 2467 665 2527 sapientia
674 2466 753 2527 primu

167 2533 277 2582 stultius
285 2536 397 2584 caruisse.
411 2535 502 2595 Vides,
511 2551 566 2597 quae
576 2535 681 2580 maxime
690 2531 769 2579 credis

167 2605 224 2650 Esse
235 2604 311 2663 mals,
320 2605 438 2667 exiguum
448 2621 563 2664 censum,
575 2602 724 2667 turpemque
733 2605 879 2668 reputem,

167 2665 270 2735 Quanto
281 2673 374 2722 devitet
382 2675 466 2724 animo
475 2676 610 2738 capitisque
619 2673 714 2721 labore:

167 2743 276 2808 Impiger
286 2754 409 2792 extremos
418 2744 496 2792 curris
505 2756 626 2792 meroetor
634 2744 665 2792 etl
674 2743 762 2806 Indos,
777 2771 779 2776 r
824 2740 826 2744 ’

164 2817 212 2862 Per
222 2831 289 2861 mare
298 2815 441 2877 pauperiem
451 2813 560 2876 fugiens,
570 2831 614 2880 per
622 2831 692 2876 saxa,
702 2831 747 2880 per
755 2817 842 2881 ignes:-

167 2885 206 2932 Ne
216 2898 286 2936 cutes
296 2900 324 2934 ea
334 2899 389 2947 quae
398 2882 578 2934 stultirmirur'u
587 2897 612 2934 et
621 2895 704 2950 optas,
751 2885 753 2888 ’
